order_id,Timestamp,Order_details,Amount_ordered,Price
1,2016-01-01 00:00:00,['hawaiian_m'],1,13.25
2,2016-01-01 00:00:00,"['classic_dlx_m', 'five_cheese_l', 'five_cheese_l', 'mexicana_m', 'thai_ckn_l']",5,89.75
3,2016-01-01 12:12:00,"['ital_supr_m', 'prsc_argla_l']",2,37.25
4,2016-01-01 12:16:31,['ital_supr_m'],1,16.5
5,2016-01-01 00:00:00,['ital_supr_m'],1,16.5
6,2016-01-01 12:29:36,"['ital_supr_m', 'ital_supr_m']",2,33.0
7,2016-01-01 12:50:00,['ital_supr_m'],1,16.5
8,2016-01-01 12:51:00,['spinach_supr_s'],1,12.5
9,2016-01-01 12:52:01,"['classic_dlx_s', 'green_garden_s', 'green_garden_s', 'ital_supr_l', 'ital_supr_l', 'mexicana_s', 'spicy_ital_l', 'spin_pesto_l', 'veggie_veg_s']",9,143.0
10,2016-01-01 12:52:01,"['mexicana_l', 'southw_ckn_l']",2,41.0
11,2016-01-01 13:02:59,"['bbq_ckn_l', 'cali_ckn_l', 'cali_ckn_l', 'pepperoni_l']",4,77.5
12,2016-01-01 13:04:41,"['cali_ckn_l', 'cali_ckn_s', 'ckn_pesto_l', 'ital_supr_m']",4,70.75
13,2016-01-01 13:11:55,['mexicana_l'],1,20.25
14,2016-01-01 13:11:55,['the_greek_s'],1,12.0
15,2016-01-01 13:11:55,"['big_meat_s', 'big_meat_s', 'soppressata_l', 'the_greek_s']",4,56.75
16,2016-01-01 13:11:55,"['four_cheese_l', 'napolitana_s', 'thai_ckn_l']",3,50.7
17,2016-01-01 13:11:55,"['bbq_ckn_l', 'calabrese_m', 'five_cheese_l', 'four_cheese_m', 'ital_supr_m', 'ital_veggie_s', 'mediterraneo_m', 'mediterraneo_m', 'mexicana_l', 'mexicana_l', 'peppr_salami_s', 'spinach_fet_l']",12,204.75
18,2016-01-01 00:00:00,['napolitana_l'],1,20.5
19,2016-01-01 00:00:00,"['napolitana_l', 'sicilian_l']",2,40.75
20,2016-01-01 00:00:00,"['big_meat_s', 'five_cheese_l']",2,30.5
21,2016-01-01 14:14:29,['ital_cpcllo_l'],1,20.5
22,2016-01-01 14:14:29,"['five_cheese_l', 'five_cheese_l', 'southw_ckn_l']",3,57.75
23,2016-01-01 00:00:00,['southw_ckn_l'],1,20.75
24,2016-01-01 00:00:00,"['bbq_ckn_m', 'ital_cpcllo_m', 'pepperoni_m', 'pepperoni_m']",4,57.75
25,2016-01-01 00:00:00,"['sicilian_m', 'thai_ckn_l']",2,37.0
26,2016-01-01 00:00:00,"['classic_dlx_s', 'veggie_veg_l']",2,32.25
27,2016-01-01 00:00:00,"['bbq_ckn_l', 'classic_dlx_m', 'classic_dlx_m']",3,52.75
28,2016-01-01 00:00:00,['ckn_alfredo_s'],1,12.75
29,2016-01-01 00:00:00,['green_garden_s'],1,12.0
30,2016-01-01 00:00:00,['green_garden_s'],1,12.0
31,2016-01-01 00:00:00,"['mexicana_m', 'mexicana_m']",2,32.0
32,2016-01-01 15:53:18,"['big_meat_s', 'big_meat_s', 'ital_cpcllo_l', 'ital_supr_m']",4,61.0
33,2016-01-01 15:53:18,"['bbq_ckn_l', 'green_garden_s']",2,32.75
34,2016-01-01 15:53:18,['green_garden_s'],1,12.0
35,2016-01-01 15:53:18,"['green_garden_m', 'pep_msh_pep_l', 'pepperoni_m', 'pepperoni_m']",4,58.5
36,2016-01-01 15:53:18,"['bbq_ckn_m', 'classic_dlx_m']",2,32.75
37,2016-01-01 16:56:09,"['ital_supr_l', 'mexicana_l']",2,41.0
38,2016-01-01 16:56:09,"['hawaiian_s', 'ital_cpcllo_l']",2,31.0
39,2016-01-01 16:56:09,['ital_supr_l'],1,20.75
40,2016-01-01 00:00:00,"['four_cheese_l', 'southw_ckn_s']",2,30.7
41,2016-01-01 00:00:00,"['southw_ckn_s', 'green_garden_s']",2,24.75
42,2016-01-01 17:28:09,"['big_meat_s', 'five_cheese_l', 'five_cheese_l', 'peppr_salami_m']",4,65.5
43,2016-01-01 17:28:09,"['ckn_alfredo_m', 'ital_supr_m', 'ital_supr_m']",3,49.75
44,2016-01-01 17:28:09,['spin_pesto_s'],1,12.5
45,2016-01-01 00:00:00,"['four_cheese_l', 'hawaiian_s', 'thai_ckn_m']",3,45.2
46,2016-01-01 00:00:00,"['ckn_pesto_l', 'classic_dlx_l', 'thai_ckn_m']",3,58.0
47,2016-01-01 00:00:00,"['southw_ckn_l', 'veggie_veg_s']",2,32.75
48,2016-01-01 00:00:00,"['ckn_pesto_m', 'green_garden_s', 'green_garden_s', 'spicy_ital_l']",4,61.5
49,2016-01-01 00:00:00,['sicilian_l'],1,20.25
50,2016-01-01 00:00:00,['the_greek_xl'],1,25.5
51,2016-01-01 00:00:00,"['bbq_ckn_l', 'pep_msh_pep_l']",2,38.25
52,2016-01-01 00:00:00,"['hawaiian_l', 'mexicana_l', 'spicy_ital_l']",3,57.5
53,2016-01-01 18:54:17,"['pep_msh_pep_s', 'spinach_supr_m']",2,27.5
54,2016-01-01 18:54:17,"['prsc_argla_m', 'thai_ckn_l']",2,37.25
55,2016-01-01 19:03:19,"['peppr_salami_s', 'spicy_ital_l']",2,33.25
56,2016-01-01 19:07:00,"['classic_dlx_m', 'mediterraneo_l', 'southw_ckn_m']",3,53.0
57,2016-01-01 19:07:00,['classic_dlx_m'],1,16.0
58,2016-01-01 19:07:00,"['classic_dlx_m', 'classic_dlx_m']",2,32.0
59,2016-01-01 19:40:08,"['ital_veggie_s', 'pep_msh_pep_s', 'pepperoni_l']",3,39.0
60,2016-01-01 19:40:08,"['ckn_pesto_l', 'four_cheese_m']",2,35.5
61,2016-01-01 20:08:43,"['bbq_ckn_m', 'ital_supr_l']",2,37.5
62,2016-01-01 20:08:43,"['bbq_ckn_m', 'bbq_ckn_m']",2,33.5
63,2016-01-01 20:51:42,['pep_msh_pep_m'],1,14.5
64,2016-01-01 20:51:42,['pep_msh_pep_m'],1,14.5
65,2016-01-01 20:51:42,"['pep_msh_pep_s', 'sicilian_s', 'spicy_ital_s', 'spinach_supr_m']",4,52.25
66,2016-01-01 21:47:55,"['classic_dlx_m', 'ital_cpcllo_m']",2,32.0
67,2016-01-01 21:47:55,['southw_ckn_l'],1,20.75
68,2016-01-01 22:07:32,"['classic_dlx_m', 'ital_supr_l', 'ital_supr_m']",3,53.25
69,2016-01-01 22:07:32,['bbq_ckn_l'],1,20.75
70,2016-01-02 11:38:51,"['ital_veggie_s', 'soppressata_l']",2,33.5
71,2016-01-02 11:40:50,['thai_ckn_l'],1,20.75
72,2016-01-02 11:57:00,['spinach_fet_l'],1,20.25
73,2016-01-02 11:57:00,['thai_ckn_s'],1,12.75
74,2016-02-01 11:57:00,"['five_cheese_l', 'five_cheese_l', 'spin_pesto_s', 'spinach_supr_l']",4,70.25
75,2016-01-02 11:57:00,"['ital_supr_s', 'mediterraneo_l', 'mediterraneo_l']",3,53.0
76,2016-01-02 12:21:17,"['big_meat_s', 'hawaiian_l', 'ital_veggie_l', 'spicy_ital_l']",4,70.25
77,2016-01-02 12:22:00,"['bbq_ckn_m', 'hawaiian_m']",2,30.0
78,2016-01-02 12:22:00,"['big_meat_s', 'classic_dlx_s', 'four_cheese_l', 'four_cheese_l', 'spicy_ital_l', 'spicy_ital_l', 'spicy_ital_l', 'thai_ckn_s', 'thai_ckn_s', 'thai_ckn_s']",10,160.4
79,2016-02-01 00:00:00,"['thai_ckn_s', 'thai_ckn_s', 'thai_ckn_s', 'pep_msh_pep_s', 'thai_ckn_l']",5,70.0
80,2016-01-02 12:35:38,"['pepperoni_s', 'thai_ckn_m']",2,26.5
81,2016-01-02 12:40:00,['thai_ckn_l'],1,20.75
82,2016-01-02 12:45:51,"['big_meat_s', 'big_meat_s', 'big_meat_s', 'veggie_veg_m']",4,52.0
83,2016-01-02 12:45:51,['southw_ckn_s'],1,12.75
84,2016-01-02 12:45:51,['pepperoni_l'],1,15.25
85,2016-01-02 12:45:51,"['classic_dlx_m', 'classic_dlx_s', 'ital_supr_l', 'the_greek_m']",4,64.75
86,2016-01-02 12:45:51,['hawaiian_l'],1,16.5
87,2016-02-01 00:00:00,"['ital_cpcllo_m', 'ital_cpcllo_m', 'spinach_supr_l', 'spinach_supr_l']",4,73.5
88,2016-01-02 00:00:00,['five_cheese_l'],1,18.5
89,2016-01-02 14:30:19,"['soppressata_l', 'thai_ckn_l']",2,41.5
90,2016-01-02 14:30:19,"['sicilian_l', 'thai_ckn_s']",2,33.0
91,2016-01-02 15:14:43,"['bbq_ckn_l', 'ckn_pesto_s', 'pepperoni_s']",3,43.25
92,2016-02-01 00:00:00,"['bbq_ckn_m', 'ital_supr_l', 'ital_supr_m', 'ital_veggie_s', 'pepperoni_m', 'pepperoni_m', 'spinach_fet_s', 'spinach_supr_s', 'the_greek_m', 'the_greek_m']",10,148.25
93,2016-01-02 00:00:00,['the_greek_m'],1,16.0
94,2016-01-02 00:00:00,"['ital_cpcllo_m', 'southw_ckn_s']",2,28.75
95,2016-01-02 16:18:04,"['napolitana_s', 'peppr_salami_l']",2,32.75
96,2016-01-02 16:18:04,['peppr_salami_l'],1,20.75
97,2016-01-02 16:18:04,['big_meat_s'],1,12.0
98,2016-02-01 16:18:04,"['classic_dlx_l', 'napolitana_l']",2,41.0
99,2016-02-01 00:00:00,['ital_supr_l'],1,20.75
100,2016-02-01 00:00:00,['hawaiian_l'],1,16.5
101,2016-01-02 17:51:33,"['cali_ckn_l', 'pepperoni_l', 'soppressata_l', 'spicy_ital_m']",4,73.25
102,2016-02-01 00:00:00,"['spicy_ital_m', 'prsc_argla_s']",2,29.0
103,2016-02-01 00:00:00,['spinach_supr_s'],1,12.5
104,2016-01-02 00:00:00,"['bbq_ckn_m', 'bbq_ckn_m', 'ital_veggie_m', 'veggie_veg_l']",4,70.5
105,2016-01-02 18:12:01,"['hawaiian_s', 'hawaiian_s', 'hawaiian_s', 'prsc_argla_m']",4,48.0
106,2016-01-02 18:12:01,"['mexicana_l', 'spicy_ital_l']",2,41.0
107,2016-01-02 18:12:01,"['cali_ckn_l', 'ital_supr_m', 'spicy_ital_l', 'veggie_veg_l']",4,78.25
108,2016-01-02 18:25:25,"['classic_dlx_l', 'hawaiian_l', 'spinach_supr_l']",3,57.75
109,2016-01-02 18:27:50,"['ital_cpcllo_l', 'ital_supr_l', 'pepperoni_m', 'prsc_argla_l']",4,74.5
110,2016-01-02 18:27:50,"['big_meat_s', 'napolitana_l', 'napolitana_l', 'spicy_ital_s']",4,65.5
111,2016-01-02 18:38:01,"['cali_ckn_m', 'cali_ckn_m', 'pepperoni_m', 'spin_pesto_l']",4,66.75
112,2016-02-01 18:38:01,['pepperoni_s'],1,9.75
113,2016-01-02 18:38:01,"['cali_ckn_l', 'mexicana_l', 'southw_ckn_m']",3,57.75
114,2016-02-01 00:00:00,"['pepperoni_l', 'sicilian_s']",2,27.5
115,2016-01-02 19:05:17,"['big_meat_s', 'napolitana_l', 'thai_ckn_m']",3,49.25
116,2016-01-02 19:05:17,['five_cheese_l'],1,18.5
117,2016-01-02 19:23:02,"['peppr_salami_m', 'sicilian_l']",2,36.75
118,2016-01-02 19:23:02,"['prsc_argla_l', 'spinach_fet_s']",2,32.75
119,2016-01-02 19:23:02,['four_cheese_m'],1,14.75
120,2016-01-02 19:35:07,"['classic_dlx_s', 'hawaiian_s', 'spinach_fet_l']",3,42.75
121,2016-01-02 19:38:48,"['bbq_ckn_m', 'four_cheese_l', 'sicilian_l', 'southw_ckn_l']",4,75.7
122,2016-01-02 19:38:48,['ital_supr_m'],1,16.5
123,2016-01-02 19:38:48,['ital_cpcllo_s'],1,12.0
124,2016-01-02 20:12:34,"['bbq_ckn_s', 'sicilian_l', 'spicy_ital_l', 'the_greek_s']",4,65.75
125,2016-01-02 20:31:06,['the_greek_xl'],1,25.5
126,2016-01-02 20:31:06,['veggie_veg_l'],1,20.25
127,2016-02-01 00:00:00,['pepperoni_m'],1,12.5
128,2016-01-02 00:00:00,['spicy_ital_s'],1,12.5
129,2016-01-02 00:00:00,"['big_meat_s', 'the_greek_m']",2,28.0
130,2016-01-02 00:00:00,"['the_greek_m', 'ital_cpcllo_l', 'mexicana_m', 'southw_ckn_s']",4,65.25
131,2016-01-02 21:33:10,"['ckn_pesto_l', 'five_cheese_l', 'five_cheese_l', 'spinach_supr_s']",4,70.25
132,2016-01-02 21:42:45,['pepperoni_s'],1,9.75
133,2016-01-02 22:00:17,"['bbq_ckn_l', 'bbq_ckn_l', 'the_greek_s']",3,53.5
134,2016-01-02 22:00:17,"['big_meat_s', 'southw_ckn_l', 'southw_ckn_l']",3,53.5
135,2016-02-01 22:00:17,['veggie_veg_l'],1,20.25
136,2016-01-02 22:00:17,"['five_cheese_l', 'peppr_salami_s']",2,31.0
137,2016-01-03 11:34:10,"['peppr_salami_s', 'pepperoni_s', 'spicy_ital_m']",3,38.75
138,2016-01-03 11:44:00,"['cali_ckn_m', 'four_cheese_l', 'ital_veggie_l', 'sicilian_m']",4,71.95
139,2016-03-01 00:00:00,['five_cheese_l'],1,18.5
140,2016-01-03 00:00:00,"['prsc_argla_s', 'veggie_veg_m']",2,28.5
141,2016-01-03 00:00:00,['classic_dlx_m'],1,16.0
142,2016-01-03 00:00:00,['classic_dlx_m'],1,16.0
143,2016-01-03 00:00:00,"['cali_ckn_s', 'classic_dlx_s', 'hawaiian_l', 'mexicana_m', 'mexicana_m', 'prsc_argla_s', 'thai_ckn_l', 'veggie_veg_m']",8,122.5
144,2016-01-03 00:00:00,"['bbq_ckn_m', 'bbq_ckn_m', 'bbq_ckn_m', 'big_meat_s', 'cali_ckn_l', 'ckn_pesto_m', 'five_cheese_l', 'four_cheese_l', 'pep_msh_pep_s', 'southw_ckn_l', 'southw_ckn_s', 'spicy_ital_l', 'thai_ckn_m', 'thai_ckn_m']",14,234.95
145,2016-03-01 00:00:00,['the_greek_s'],1,12.0
146,2016-03-01 00:00:00,"['the_greek_s', 'four_cheese_m', 'hawaiian_m']",3,40.0
147,2016-01-03 14:32:51,['the_greek_xl'],1,25.5
148,2016-01-03 14:32:51,['mediterraneo_s'],1,12.0
149,2016-01-03 14:48:45,['spinach_fet_m'],1,16.0
150,2016-03-01 00:00:00,['pepperoni_m'],1,12.5
151,2016-01-03 00:00:00,"['southw_ckn_l', 'spinach_supr_s']",2,33.25
152,2016-01-03 00:00:00,"['hawaiian_s', 'spinach_fet_l', 'thai_ckn_s', 'the_greek_m']",4,59.5
153,2016-01-03 00:00:00,['mexicana_m'],1,16.0
154,2016-01-03 15:22:43,['prsc_argla_s'],1,12.5
155,2016-01-03 15:22:43,"['ckn_pesto_s', 'napolitana_l', 'pepperoni_l', 'peppr_salami_l']",4,69.25
156,2016-01-03 15:22:43,"['napolitana_m', 'thai_ckn_l']",2,36.75
157,2016-01-03 15:22:43,"['ital_supr_l', 'mediterraneo_m', 'sicilian_m', 'spin_pesto_m']",4,69.5
158,2016-01-03 15:22:43,"['ital_veggie_m', 'thai_ckn_m']",2,33.5
159,2016-01-03 15:22:43,"['four_cheese_l', 'thai_ckn_m']",2,34.7
160,2016-01-03 15:22:43,['classic_dlx_m'],1,16.0
161,2016-01-03 15:22:43,"['hawaiian_s', 'spicy_ital_m', 'the_greek_xl']",3,52.5
162,2016-03-01 00:00:00,['big_meat_s'],1,12.0
163,2016-03-01 16:54:54,"['hawaiian_m', 'pepperoni_l', 'the_greek_m']",3,44.5
164,2016-03-01 16:54:54,"['cali_ckn_l', 'pepperoni_m']",2,33.25
165,2016-01-03 16:54:54,['prsc_argla_m'],1,16.5
166,2016-01-03 16:54:54,['prsc_argla_s'],1,12.5
167,2016-03-01 00:00:00,"['prsc_argla_s', 'ital_supr_m', 'pepperoni_m']",3,41.5
168,2016-01-03 17:02:27,"['big_meat_s', 'veggie_veg_m']",2,28.0
169,2016-03-01 17:02:27,"['four_cheese_l', 'ital_cpcllo_s', 'sicilian_m']",3,46.2
170,2016-01-03 17:02:27,['hawaiian_l'],1,16.5
171,2016-03-01 00:00:00,['napolitana_m'],1,16.0
172,2016-01-03 00:00:00,"['napolitana_s', 'spinach_supr_m', 'spinach_supr_m']",3,45.0
173,2016-01-03 00:00:00,"['cali_ckn_m', 'cali_ckn_m', 'veggie_veg_l']",3,53.75
174,2016-01-03 00:00:00,"['big_meat_s', 'big_meat_s', 'cali_ckn_m', 'ital_cpcllo_m']",4,56.75
175,2016-03-01 00:00:00,['ital_supr_l'],1,20.75
176,2016-03-01 00:00:00,"['cali_ckn_l', 'peppr_salami_m']",2,37.25
177,2016-03-01 00:00:00,"['napolitana_s', 'thai_ckn_l']",2,32.75
178,2016-01-03 18:15:03,['thai_ckn_l'],1,20.75
179,2016-01-03 18:15:03,"['hawaiian_l', 'sicilian_m', 'veggie_veg_s']",3,44.75
180,2016-01-03 18:15:03,"['classic_dlx_l', 'prsc_argla_l']",2,41.25
181,2016-01-03 18:49:32,['mexicana_l'],1,20.25
182,2016-01-03 18:50:10,"['brie_carre_s', 'peppr_salami_l']",2,44.4
183,2016-01-03 18:50:10,"['peppr_salami_l', 'spin_pesto_l', 'spin_pesto_s']",3,54.0
184,2016-01-03 18:50:10,['hawaiian_l'],1,16.5
185,2016-03-01 00:00:00,"['sicilian_m', 'spin_pesto_s']",2,28.75
186,2016-01-03 00:00:00,"['mexicana_l', 'southw_ckn_l', 'spin_pesto_l', 'thai_ckn_l']",4,82.5
187,2016-01-03 00:00:00,"['five_cheese_l', 'spin_pesto_l']",2,39.25
188,2016-01-03 00:00:00,"['five_cheese_l', 'pepperoni_s', 'peppr_salami_l']",3,49.0
189,2016-01-03 00:00:00,"['big_meat_s', 'big_meat_s', 'big_meat_s']",3,36.0
190,2016-01-03 00:00:00,"['bbq_ckn_l', 'four_cheese_m', 'pep_msh_pep_s', 'prsc_argla_l']",4,67.25
191,2016-01-03 20:24:50,"['cali_ckn_l', 'ckn_alfredo_m']",2,37.5
192,2016-01-03 20:24:50,"['sicilian_s', 'southw_ckn_l']",2,33.0
193,2016-03-01 20:24:50,"['big_meat_s', 'cali_ckn_m', 'ckn_alfredo_l', 'ckn_alfredo_l']",4,70.25
194,2016-01-03 20:24:50,['bbq_ckn_s'],1,12.75
195,2016-03-01 00:00:00,['bbq_ckn_l'],1,20.75
196,2016-01-03 00:00:00,"['sicilian_s', 'spicy_ital_m', 'veggie_veg_m']",3,44.75
197,2016-01-03 00:00:00,"['veggie_veg_m', 'ital_cpcllo_l', 'ital_cpcllo_l', 'soppressata_l']",4,77.75
198,2016-01-03 00:00:00,"['big_meat_s', 'ckn_alfredo_l']",2,32.75
199,2016-03-01 00:00:00,['ckn_alfredo_m'],1,16.75
200,2016-01-03 00:00:00,['ckn_alfredo_m'],1,16.75
201,2016-01-03 00:00:00,"['calabrese_m', 'ckn_pesto_l', 'ital_supr_l', 'ital_supr_l']",4,78.5
202,2016-01-03 00:00:00,['cali_ckn_s'],1,12.75
203,2016-01-04 11:30:00,"['cali_ckn_l', 'ital_veggie_m', 'pep_msh_pep_l', 'the_greek_s']",4,67.0
204,2016-01-04 11:36:00,['spicy_ital_l'],1,20.75
205,2016-01-04 11:36:00,"['cali_ckn_s', 'ckn_alfredo_m', 'prsc_argla_s']",3,42.0
206,2016-04-01 11:36:00,"['napolitana_m', 'pepperoni_s', 'pepperoni_s']",3,35.5
207,2016-04-01 12:03:58,['spicy_ital_l'],1,20.75
208,2016-01-04 12:12:05,"['spicy_ital_l', 'bbq_ckn_s', 'ckn_alfredo_m', 'pepperoni_m', 'the_greek_m']",5,78.75
209,2016-01-04 12:12:05,['cali_ckn_l'],1,20.75
210,2016-01-04 12:34:13,['cali_ckn_l'],1,20.75
211,2016-01-04 12:34:13,['cali_ckn_l'],1,20.75
212,2016-01-04 12:34:13,['ital_cpcllo_l'],1,20.5
213,2016-01-04 13:20:39,['ital_cpcllo_l'],1,20.5
214,2016-01-04 13:20:39,"['ital_cpcllo_l', 'ital_supr_m', 'mexicana_s', 'spin_pesto_m']",4,65.5
215,2016-01-04 13:44:49,['green_garden_s'],1,12.0
216,2016-04-01 00:00:00,"['bbq_ckn_m', 'five_cheese_l', 'hawaiian_l']",3,51.75
217,2016-01-04 00:00:00,"['classic_dlx_m', 'classic_dlx_m']",2,32.0
218,2016-01-04 00:00:00,['spicy_ital_m'],1,16.5
219,2016-01-04 00:00:00,"['bbq_ckn_l', 'five_cheese_l', 'peppr_salami_m', 'spinach_fet_m']",4,71.75
220,2016-01-04 00:00:00,"['spinach_fet_m', 'ital_cpcllo_s', 'napolitana_l', 'spicy_ital_l']",4,69.25
221,2016-01-04 00:00:00,"['five_cheese_l', 'prsc_argla_m', 'the_greek_s']",3,47.0
222,2016-04-01 00:00:00,"['four_cheese_l', 'sicilian_s']",2,30.2
223,2016-01-04 00:00:00,['sicilian_s'],1,12.25
224,2016-01-04 00:00:00,"['ckn_alfredo_s', 'ital_supr_m', 'napolitana_m', 'thai_ckn_l']",4,66.0
225,2016-04-01 00:00:00,"['bbq_ckn_l', 'bbq_ckn_m', 'southw_ckn_s']",3,50.25
226,2016-04-01 00:00:00,['classic_dlx_l'],1,20.5
227,2016-01-04 17:24:39,"['bbq_ckn_m', 'the_greek_m']",2,32.75
228,2016-01-04 17:24:39,['ital_veggie_s'],1,12.75
229,2016-01-04 17:24:39,"['ital_veggie_l', 'prsc_argla_l', 'spin_pesto_s']",3,54.25
230,2016-01-04 17:58:38,['thai_ckn_m'],1,16.75
231,2016-01-04 17:58:38,"['cali_ckn_l', 'napolitana_s', 'napolitana_s']",3,44.75
232,2016-01-04 17:58:38,"['bbq_ckn_m', 'spinach_supr_l']",2,37.5
233,2016-01-04 17:58:38,['spinach_fet_s'],1,12.0
234,2016-01-04 17:58:38,"['ckn_alfredo_m', 'ital_supr_s', 'napolitana_m']",3,45.25
235,2016-04-01 00:00:00,['cali_ckn_m'],1,16.75
236,2016-04-01 00:00:00,"['cali_ckn_m', 'green_garden_m']",2,32.75
237,2016-04-01 19:27:48,['green_garden_m'],1,16.0
238,2016-04-01 19:27:48,['spin_pesto_l'],1,20.75
239,2016-04-01 19:27:48,"['spin_pesto_l', 'thai_ckn_m']",2,37.5
240,2016-04-01 00:00:00,['four_cheese_m'],1,14.75
241,2016-01-04 20:11:25,"['sicilian_m', 'spinach_supr_l']",2,37.0
242,2016-01-04 20:15:29,"['calabrese_m', 'thai_ckn_l', 'veggie_veg_m']",3,53.0
243,2016-04-01 00:00:00,"['classic_dlx_l', 'spinach_supr_s']",2,33.0
244,2016-04-01 00:00:00,"['ital_supr_s', 'spicy_ital_l']",2,33.25
245,2016-04-01 00:00:00,"['bbq_ckn_l', 'ckn_pesto_l']",2,41.5
246,2016-01-04 00:00:00,"['ckn_alfredo_m', 'ckn_alfredo_m']",2,33.5
247,2016-01-04 00:00:00,"['hawaiian_m', 'hawaiian_m', 'spinach_supr_s']",3,39.0
248,2016-01-04 20:58:19,"['hawaiian_s', 'thai_ckn_l']",2,31.25
249,2016-01-04 20:58:19,"['bbq_ckn_l', 'calabrese_s']",2,33.0
250,2016-01-04 20:58:19,['four_cheese_m'],1,14.75
251,2016-01-04 20:58:19,['mexicana_m'],1,16.0
252,2016-01-04 20:58:19,['prsc_argla_m'],1,16.5
253,2016-01-04 20:58:19,['brie_carre_s'],1,23.65
254,2016-04-01 20:58:19,"['bbq_ckn_l', 'brie_carre_s', 'five_cheese_l']",3,62.9
255,2016-01-05 11:23:35,"['five_cheese_l', 'five_cheese_l', 'hawaiian_l', 'spinach_fet_m']",4,69.5
256,2016-01-05 11:56:06,['pep_msh_pep_l'],1,17.5
257,2016-01-05 11:56:06,"['cali_ckn_l', 'ckn_alfredo_l']",2,41.5
258,2016-01-05 11:56:06,['classic_dlx_m'],1,16.0
259,2016-01-05 11:56:06,['pepperoni_l'],1,15.25
260,2016-01-05 12:06:27,"['five_cheese_l', 'the_greek_l']",2,39.0
261,2016-01-05 12:38:29,['brie_carre_s'],1,23.65
262,2016-01-05 12:42:00,['cali_ckn_m'],1,16.75
263,2016-01-05 12:57:22,['spin_pesto_l'],1,20.75
264,2016-01-05 13:03:59,['mexicana_m'],1,16.0
265,2016-01-05 13:03:59,"['ckn_alfredo_m', 'mexicana_l', 'sicilian_m', 'spicy_ital_l']",4,74.0
266,2016-01-05 13:09:29,['peppr_salami_m'],1,16.5
267,2016-05-01 00:00:00,"['four_cheese_l', 'mediterraneo_l', 'napolitana_s']",3,50.2
268,2016-05-01 13:40:46,"['napolitana_s', 'pepperoni_s']",2,21.75
269,2016-01-05 13:40:46,['ckn_alfredo_m'],1,16.75
270,2016-05-01 13:40:46,"['southw_ckn_l', 'spin_pesto_l', 'spin_pesto_l']",3,62.25
271,2016-01-05 14:22:19,"['big_meat_s', 'cali_ckn_m', 'cali_ckn_m', 'ckn_alfredo_m', 'ckn_alfredo_m', 'ckn_pesto_l', 'ckn_pesto_l', 'ckn_pesto_l', 'ital_supr_m', 'ital_supr_m', 'soppressata_m', 'soppressata_m', 'the_greek_s']",13,219.25
272,2016-05-01 00:00:00,['ital_supr_m'],1,16.5
273,2016-01-05 00:00:00,['soppressata_s'],1,12.5
274,2016-01-05 14:36:33,"['four_cheese_l', 'four_cheese_l']",2,35.9
275,2016-01-05 14:36:33,"['classic_dlx_l', 'five_cheese_l', 'pepperoni_s', 'pepperoni_s']",4,58.5
276,2016-05-01 00:00:00,"['five_cheese_l', 'spicy_ital_l']",2,39.25
277,2016-05-01 00:00:00,['four_cheese_m'],1,14.75
278,2016-01-05 00:00:00,"['ital_veggie_m', 'southw_ckn_l']",2,37.5
279,2016-01-05 16:07:03,"['cali_ckn_m', 'ckn_alfredo_m']",2,33.5
280,2016-01-05 16:20:23,"['prsc_argla_m', 'veggie_veg_m']",2,32.5
281,2016-01-05 16:33:48,['sicilian_s'],1,12.25
282,2016-01-05 16:33:48,"['classic_dlx_s', 'classic_dlx_s', 'peppr_salami_l', 'spin_pesto_l']",4,65.5
283,2016-01-05 16:51:43,['napolitana_m'],1,16.0
284,2016-01-05 16:58:16,"['four_cheese_m', 'hawaiian_s', 'napolitana_m']",3,41.25
285,2016-05-01 16:58:16,['prsc_argla_l'],1,20.75
286,2016-01-05 16:58:16,"['ital_supr_m', 'peppr_salami_l']",2,37.25
287,2016-01-05 16:58:16,"['ital_supr_m', 'pep_msh_pep_m', 'pepperoni_m', 'sicilian_s']",4,55.75
288,2016-05-01 16:58:16,"['brie_carre_s', 'prsc_argla_l', 'spinach_supr_l']",3,65.15
289,2016-01-05 16:58:16,['five_cheese_l'],1,18.5
290,2016-01-05 17:41:16,"['classic_dlx_s', 'veggie_veg_m']",2,28.0
291,2016-01-05 17:41:16,"['bbq_ckn_l', 'ckn_alfredo_m', 'ckn_alfredo_m', 'four_cheese_m', 'four_cheese_m']",5,83.75
292,2016-01-05 17:41:16,"['spin_pesto_m', 'spin_pesto_m', 'spinach_fet_l']",3,53.25
293,2016-01-05 17:41:16,"['classic_dlx_s', 'ital_veggie_s']",2,24.75
294,2016-01-05 17:41:16,"['bbq_ckn_m', 'ital_supr_l', 'thai_ckn_l']",3,58.25
295,2016-01-05 18:20:12,['cali_ckn_m'],1,16.75
296,2016-01-05 18:20:12,"['green_garden_s', 'ital_cpcllo_s', 'ital_cpcllo_s']",3,36.0
297,2016-01-05 18:20:12,['southw_ckn_m'],1,16.75
298,2016-01-05 18:20:12,"['cali_ckn_m', 'cali_ckn_m', 'ckn_alfredo_m', 'classic_dlx_s']",4,62.25
299,2016-01-05 18:20:12,"['classic_dlx_s', 'spinach_fet_m']",2,28.0
300,2016-01-05 18:20:12,"['spinach_fet_m', 'ital_cpcllo_s', 'ital_veggie_s', 'spinach_supr_s']",4,53.25
301,2016-01-05 18:20:12,['napolitana_l'],1,20.5
302,2016-01-05 18:20:12,['peppr_salami_l'],1,20.75
303,2016-01-05 18:20:12,"['big_meat_s', 'big_meat_s', 'pepperoni_s']",3,33.75
304,2016-01-05 18:20:12,"['hawaiian_s', 'mexicana_l']",2,30.75
305,2016-01-05 18:20:12,"['pepperoni_l', 'pepperoni_l', 'spicy_ital_m']",3,47.0
306,2016-01-05 20:37:40,"['big_meat_s', 'hawaiian_s', 'napolitana_m']",3,38.5
307,2016-05-01 20:37:40,"['classic_dlx_l', 'thai_ckn_m']",2,37.25
308,2016-01-05 21:59:46,"['hawaiian_l', 'pep_msh_pep_l', 'thai_ckn_s']",3,46.75
309,2016-01-05 21:59:46,"['five_cheese_l', 'peppr_salami_m']",2,35.0
310,2016-01-06 11:40:48,"['hawaiian_s', 'thai_ckn_s']",2,23.25
311,2016-01-06 11:57:00,['sicilian_l'],1,20.25
312,2016-01-06 12:05:00,"['big_meat_s', 'big_meat_s', 'ckn_alfredo_m', 'sicilian_m']",4,57.0
313,2016-01-06 12:09:00,['sicilian_m'],1,16.25
314,2016-01-06 12:11:00,"['calabrese_m', 'five_cheese_l', 'five_cheese_l', 'five_cheese_l', 'veggie_veg_m']",5,87.75
315,2016-01-06 12:17:40,['classic_dlx_m'],1,16.0
316,2016-01-06 12:17:40,"['hawaiian_s', 'ital_supr_m']",2,27.0
317,2016-01-06 12:31:00,"['cali_ckn_s', 'classic_dlx_m', 'four_cheese_l', 'hawaiian_s', 'pep_msh_pep_l', 'prsc_argla_s', 'spinach_fet_s']",7,99.2
318,2016-06-01 00:00:00,"['ital_cpcllo_l', 'ital_cpcllo_l', 'soppressata_s', 'spicy_ital_l']",4,74.25
319,2016-01-06 00:00:00,['spicy_ital_l'],1,20.75
320,2016-01-06 12:46:40,"['cali_ckn_m', 'ckn_pesto_l']",2,37.5
321,2016-06-01 00:00:00,['ital_supr_l'],1,20.75
322,2016-01-06 00:00:00,"['cali_ckn_l', 'ckn_pesto_l', 'classic_dlx_s', 'thai_ckn_l']",4,74.25
323,2016-01-06 00:00:00,['classic_dlx_m'],1,16.0
324,2016-06-01 00:00:00,['five_cheese_l'],1,18.5
325,2016-06-01 00:00:00,"['classic_dlx_s', 'veggie_veg_s']",2,24.0
326,2016-01-06 00:00:00,"['cali_ckn_m', 'spinach_supr_l']",2,37.5
327,2016-01-06 00:00:00,['classic_dlx_m'],1,16.0
328,2016-01-06 13:16:35,['classic_dlx_m'],1,16.0
329,2016-01-06 13:16:35,"['spicy_ital_l', 'spinach_supr_m']",2,37.25
330,2016-01-06 13:16:35,"['big_meat_s', 'ckn_alfredo_m', 'classic_dlx_m', 'classic_dlx_s', 'five_cheese_l', 'four_cheese_l', 'hawaiian_l', 'pep_msh_pep_l', 'peppr_salami_s', 'peppr_salami_s', 'spicy_ital_l', 'spicy_ital_m', 'spinach_fet_l', 'the_greek_m']",14,225.7
331,2016-01-06 13:43:30,['prsc_argla_m'],1,16.5
332,2016-01-06 13:43:30,"['sicilian_m', 'southw_ckn_l', 'thai_ckn_m']",3,53.75
333,2016-01-06 13:43:30,['ckn_alfredo_m'],1,16.75
334,2016-01-06 13:43:30,"['calabrese_l', 'pepperoni_m', 'southw_ckn_m', 'thai_ckn_l']",4,70.25
335,2016-01-06 14:24:47,['mediterraneo_l'],1,20.25
336,2016-01-06 14:51:41,['prsc_argla_l'],1,20.75
337,2016-01-06 14:51:41,"['hawaiian_l', 'pepperoni_l']",2,31.75
338,2016-01-06 14:51:41,"['mexicana_l', 'mexicana_l', 'the_greek_xl']",3,66.0
339,2016-01-06 14:51:41,['spicy_ital_m'],1,16.5
340,2016-01-06 14:51:41,['spicy_ital_m'],1,16.5
341,2016-01-06 14:51:41,"['bbq_ckn_m', 'pepperoni_s']",2,26.5
342,2016-01-06 15:44:12,"['sicilian_l', 'southw_ckn_l']",2,41.0
343,2016-01-06 15:44:12,"['southw_ckn_l', 'four_cheese_m']",2,35.5
344,2016-01-06 15:44:12,['ital_cpcllo_m'],1,16.0
345,2016-01-06 15:44:12,"['peppr_salami_s', 'spinach_fet_s']",2,24.5
346,2016-06-01 00:00:00,"['green_garden_s', 'hawaiian_s', 'hawaiian_s', 'napolitana_s']",4,45.0
347,2016-01-06 00:00:00,"['spinach_fet_l', 'thai_ckn_l', 'veggie_veg_m']",3,57.0
348,2016-01-06 00:00:00,"['classic_dlx_m', 'thai_ckn_l', 'thai_ckn_s']",3,49.5
349,2016-01-06 00:00:00,['pepperoni_l'],1,15.25
350,2016-01-06 00:00:00,"['classic_dlx_l', 'pepperoni_m', 'spicy_ital_s']",3,45.5
351,2016-01-06 00:00:00,"['big_meat_s', 'hawaiian_m']",2,25.25
352,2016-06-01 00:00:00,"['big_meat_s', 'ital_cpcllo_l']",2,32.5
353,2016-01-06 17:59:48,"['bbq_ckn_l', 'cali_ckn_l', 'prsc_argla_s']",3,54.0
354,2016-01-06 17:59:48,"['green_garden_s', 'green_garden_s']",2,24.0
355,2016-06-01 17:59:48,"['ckn_alfredo_m', 'ital_supr_m']",2,33.25
356,2016-01-06 17:59:48,['ckn_alfredo_m'],1,16.75
357,2016-01-06 17:59:48,"['cali_ckn_l', 'southw_ckn_s', 'spinach_fet_s']",3,45.5
358,2016-01-06 18:30:12,['ital_supr_m'],1,16.5
359,2016-01-06 18:30:12,"['green_garden_m', 'thai_ckn_l']",2,36.75
360,2016-01-06 18:30:12,"['bbq_ckn_l', 'green_garden_s', 'hawaiian_s']",3,43.25
361,2016-06-01 00:00:00,"['big_meat_s', 'big_meat_s', 'ital_cpcllo_s']",3,36.0
362,2016-01-06 19:13:36,"['bbq_ckn_m', 'mexicana_l']",2,37.0
363,2016-01-06 19:20:31,"['mediterraneo_l', 'mexicana_l']",2,40.5
364,2016-01-06 19:20:31,"['ital_supr_m', 'the_greek_xl']",2,42.0
365,2016-01-06 19:20:31,"['four_cheese_m', 'mediterraneo_l', 'pepperoni_m']",3,47.5
366,2016-01-06 20:04:20,['ital_cpcllo_l'],1,20.5
367,2016-06-01 20:04:20,"['hawaiian_l', 'spinach_fet_m']",2,32.5
368,2016-06-01 20:04:20,"['spin_pesto_m', 'thai_ckn_l']",2,37.25
369,2016-01-06 20:04:20,['spinach_fet_m'],1,16.0
370,2016-01-06 20:04:20,"['four_cheese_l', 'hawaiian_s']",2,28.45
371,2016-01-06 20:04:20,['pepperoni_m'],1,12.5
372,2016-01-06 20:04:20,['spinach_fet_s'],1,12.0
373,2016-07-01 00:00:00,"['spinach_fet_s', 'classic_dlx_m', 'classic_dlx_m']",3,44.0
374,2016-01-07 11:55:00,"['big_meat_s', 'ckn_alfredo_m', 'peppr_salami_s']",3,41.25
375,2016-01-07 11:55:00,['mexicana_m'],1,16.0
376,2016-01-07 12:01:17,"['the_greek_xl', 'the_greek_xl']",2,51.0
377,2016-01-07 12:01:17,"['hawaiian_m', 'thai_ckn_l']",2,34.0
378,2016-07-01 12:01:17,['ital_veggie_s'],1,12.75
379,2016-07-01 00:00:00,['thai_ckn_l'],1,20.75
380,2016-07-01 00:00:00,"['calabrese_m', 'cali_ckn_m']",2,33.0
381,2016-01-07 12:33:00,['southw_ckn_m'],1,16.75
382,2016-01-07 12:33:07,"['thai_ckn_s', 'veggie_veg_m']",2,28.75
383,2016-01-07 12:43:00,['veggie_veg_m'],1,16.0
384,2016-07-01 00:00:00,"['hawaiian_s', 'ital_cpcllo_m', 'mediterraneo_m', 'mediterraneo_m']",4,58.5
385,2016-01-07 12:54:00,['veggie_veg_l'],1,20.25
386,2016-01-07 12:54:00,"['ital_veggie_s', 'ital_veggie_s', 'thai_ckn_m']",3,42.25
387,2016-01-07 12:54:00,"['bbq_ckn_s', 'big_meat_s', 'ckn_pesto_m', 'ckn_pesto_m', 'ckn_pesto_m', 'spicy_ital_l', 'spinach_fet_s']",7,107.75
388,2016-01-07 12:54:00,"['bbq_ckn_s', 'ckn_alfredo_m', 'mediterraneo_m', 'veggie_veg_s']",4,57.5
389,2016-01-07 12:54:00,['spin_pesto_l'],1,20.75
390,2016-01-07 13:15:32,['pep_msh_pep_l'],1,17.5
391,2016-07-01 00:00:00,['the_greek_m'],1,16.0
392,2016-01-07 00:00:00,"['big_meat_s', 'calabrese_s', 'cali_ckn_l', 'pepperoni_s', 'pepperoni_s', 'prsc_argla_l', 'prsc_argla_l', 'sicilian_l', 'soppressata_l', 'soppressata_l']",10,167.75
393,2016-01-07 00:00:00,"['green_garden_s', 'hawaiian_l']",2,28.5
394,2016-01-07 00:00:00,"['big_meat_s', 'ckn_pesto_s', 'ckn_pesto_s', 'hawaiian_s', 'pep_msh_pep_l', 'pepperoni_m', 'pepperoni_m', 'pepperoni_m', 'pepperoni_s', 'sicilian_l', 'spicy_ital_l', 'spin_pesto_s', 'thai_ckn_l', 'veggie_veg_s']",14,199.0
395,2016-01-07 00:00:00,['napolitana_m'],1,16.0
396,2016-01-07 00:00:00,['spinach_fet_s'],1,12.0
397,2016-01-07 00:00:00,"['five_cheese_l', 'five_cheese_l', 'hawaiian_l', 'pepperoni_m']",4,66.0
398,2016-07-01 00:00:00,['pepperoni_s'],1,9.75
399,2016-07-01 00:00:00,"['bbq_ckn_m', 'bbq_ckn_m', 'four_cheese_m', 'the_greek_m']",4,64.25
400,2016-01-07 16:03:07,"['pepperoni_m', 'thai_ckn_l']",2,33.25
401,2016-01-07 16:03:07,['veggie_veg_m'],1,16.0
402,2016-01-07 16:24:46,"['four_cheese_l', 'ital_supr_m']",2,34.45
403,2016-07-01 00:00:00,"['bbq_ckn_s', 'classic_dlx_l', 'prsc_argla_s']",3,45.75
404,2016-01-07 00:00:00,['ckn_pesto_l'],1,20.75
405,2016-01-07 00:00:00,['sicilian_l'],1,20.25
406,2016-01-07 00:00:00,"['ckn_alfredo_m', 'classic_dlx_m', 'ital_veggie_s']",3,45.5
407,2016-01-07 00:00:00,"['cali_ckn_m', 'classic_dlx_l', 'classic_dlx_l']",3,57.75
408,2016-01-07 17:09:09,"['classic_dlx_l', 'classic_dlx_l']",2,41.0
409,2016-01-07 17:09:09,['pepperoni_l'],1,15.25
410,2016-07-01 00:00:00,"['big_meat_s', 'big_meat_s', 'mediterraneo_m', 'mediterraneo_m', 'the_greek_xl']",5,81.5
411,2016-01-07 00:00:00,"['ital_supr_m', 'southw_ckn_l']",2,37.25
412,2016-01-07 18:07:46,"['brie_carre_s', 'spinach_supr_m']",2,40.15
413,2016-01-07 18:11:32,['spinach_supr_m'],1,16.5
414,2016-01-07 18:11:32,"['classic_dlx_s', 'five_cheese_l', 'ital_supr_m']",3,47.0
415,2016-01-07 18:11:32,['cali_ckn_s'],1,12.75
416,2016-07-01 00:00:00,['spinach_fet_l'],1,20.25
417,2016-01-07 18:24:40,['pepperoni_s'],1,9.75
418,2016-01-07 18:24:40,"['ckn_pesto_m', 'ckn_pesto_m']",2,33.5
419,2016-01-07 18:24:40,"['bbq_ckn_l', 'hawaiian_l', 'hawaiian_l', 'veggie_veg_s']",4,65.75
420,2016-01-07 18:24:40,"['five_cheese_l', 'pep_msh_pep_s']",2,29.5
421,2016-01-07 18:24:40,"['bbq_ckn_l', 'calabrese_l', 'ckn_pesto_s']",3,53.75
422,2016-07-01 18:24:40,"['four_cheese_l', 'ital_supr_m', 'ital_supr_m']",3,50.95
423,2016-07-01 19:45:07,"['ital_supr_l', 'sicilian_s']",2,33.0
424,2016-07-01 19:45:07,['pepperoni_m'],1,12.5
425,2016-07-01 19:45:07,['soppressata_m'],1,16.5
426,2016-07-01 19:45:07,"['classic_dlx_m', 'sicilian_s', 'sicilian_s']",3,40.5
427,2016-01-07 21:49:00,['spinach_fet_l'],1,20.25
428,2016-01-07 21:49:00,"['calabrese_l', 'ital_cpcllo_s']",2,32.25
429,2016-07-01 00:00:00,['spicy_ital_m'],1,16.5
430,2016-01-07 00:00:00,"['green_garden_m', 'green_garden_m']",2,32.0
431,2016-08-01 00:00:00,"['big_meat_s', 'ckn_alfredo_s', 'ckn_alfredo_s', 'hawaiian_l']",4,54.0
432,2016-01-08 00:00:00,"['ital_cpcllo_s', 'ital_cpcllo_s', 'veggie_veg_s']",3,36.0
433,2016-01-08 11:49:50,['spicy_ital_l'],1,20.75
434,2016-01-08 11:54:00,"['napolitana_m', 'spicy_ital_l', 'veggie_veg_l']",3,57.0
435,2016-01-08 12:06:00,"['classic_dlx_m', 'pep_msh_pep_m', 'spinach_supr_s']",3,43.0
436,2016-01-08 12:07:00,"['classic_dlx_l', 'classic_dlx_l', 'pep_msh_pep_s', 'peppr_salami_s']",4,64.5
437,2016-01-08 12:07:00,['bbq_ckn_m'],1,16.75
438,2016-01-08 12:08:00,['veggie_veg_m'],1,16.0
439,2016-01-08 12:13:08,"['veggie_veg_m', 'pepperoni_m', 'the_greek_s']",3,40.5
440,2016-01-08 12:16:34,"['the_greek_s', 'ckn_alfredo_m', 'five_cheese_l', 'five_cheese_l', 'four_cheese_m', 'green_garden_l', 'green_garden_m', 'hawaiian_l', 'ital_veggie_l', 'pepperoni_l', 'spicy_ital_l', 'spinach_fet_s', 'thai_ckn_l', 'veggie_veg_m']",14,239.0
441,2016-01-08 12:16:34,"['spicy_ital_l', 'thai_ckn_l']",2,41.5
442,2016-01-08 00:00:00,['peppr_salami_l'],1,20.75
443,2016-01-08 00:00:00,"['big_meat_s', 'big_meat_s', 'big_meat_s', 'four_cheese_l', 'ital_cpcllo_m', 'ital_veggie_m', 'mexicana_l', 'mexicana_l', 'sicilian_l', 'sicilian_m', 'southw_ckn_m', 'spicy_ital_l', 'spicy_ital_s', 'spicy_ital_s', 'spicy_ital_s']",15,238.7
444,2016-01-08 12:40:05,['four_cheese_m'],1,14.75
445,2016-08-01 00:00:00,['hawaiian_l'],1,16.5
446,2016-01-08 12:58:01,"['big_meat_s', 'ital_veggie_m', 'sicilian_l']",3,49.0
447,2016-08-01 00:00:00,['five_cheese_l'],1,18.5
448,2016-08-01 00:00:00,"['hawaiian_s', 'pep_msh_pep_m', 'sicilian_m']",3,41.25
449,2016-01-08 00:00:00,['thai_ckn_l'],1,20.75
450,2016-01-08 00:00:00,['big_meat_s'],1,12.0
451,2016-01-08 00:00:00,"['five_cheese_l', 'ital_cpcllo_m', 'southw_ckn_l']",3,55.25
452,2016-01-08 00:00:00,"['bbq_ckn_m', 'big_meat_s', 'sicilian_m']",3,45.0
453,2016-01-08 00:00:00,"['cali_ckn_s', 'cali_ckn_s', 'sicilian_m', 'sicilian_m']",4,58.0
454,2016-01-08 00:00:00,['sicilian_m'],1,16.25
455,2016-01-08 00:00:00,['ital_supr_l'],1,20.75
456,2016-01-08 00:00:00,['spinach_fet_l'],1,20.25
457,2016-01-08 13:59:04,"['cali_ckn_l', 'ckn_alfredo_m', 'classic_dlx_m']",3,53.5
458,2016-08-01 00:00:00,"['prsc_argla_m', 'spinach_supr_m', 'the_greek_s']",3,45.0
459,2016-01-08 00:00:00,['the_greek_s'],1,12.0
460,2016-01-08 14:19:58,"['green_garden_s', 'ital_supr_m']",2,28.5
461,2016-01-08 14:19:58,"['cali_ckn_m', 'cali_ckn_m']",2,33.5
462,2016-08-01 00:00:00,['spinach_fet_s'],1,12.0
463,2016-08-01 00:00:00,"['bbq_ckn_l', 'prsc_argla_m']",2,37.25
464,2016-01-08 00:00:00,"['bbq_ckn_l', 'calabrese_m']",2,37.0
465,2016-01-08 00:00:00,['napolitana_s'],1,12.0
466,2016-01-08 15:30:10,"['spinach_fet_l', 'the_greek_xl']",2,45.75
467,2016-01-08 15:33:13,['prsc_argla_s'],1,12.5
468,2016-01-08 15:33:13,"['four_cheese_l', 'pepperoni_l']",2,33.2
469,2016-08-01 00:00:00,"['bbq_ckn_m', 'sicilian_s']",2,29.0
470,2016-08-01 15:49:13,['sicilian_s'],1,12.25
471,2016-08-01 15:49:13,['ital_veggie_s'],1,12.75
472,2016-08-01 00:00:00,"['ital_veggie_s', 'ital_veggie_m']",2,29.5
473,2016-01-08 16:41:27,"['hawaiian_l', 'prsc_argla_m', 'southw_ckn_m']",3,49.75
474,2016-01-08 16:41:27,"['green_garden_s', 'pepperoni_s']",2,21.75
475,2016-01-08 17:15:17,"['big_meat_s', 'thai_ckn_l']",2,32.75
476,2016-01-08 17:15:17,"['pepperoni_m', 'prsc_argla_l', 'veggie_veg_m']",3,49.25
477,2016-01-08 17:15:17,"['green_garden_m', 'mexicana_m']",2,32.0
478,2016-08-01 00:00:00,"['calabrese_m', 'ckn_alfredo_m']",2,33.0
479,2016-08-01 00:00:00,"['five_cheese_l', 'ital_cpcllo_l', 'ital_cpcllo_l']",3,59.5
480,2016-08-01 00:00:00,['pepperoni_m'],1,12.5
481,2016-08-01 17:41:37,"['pepperoni_s', 'spinach_fet_s']",2,21.75
482,2016-01-08 17:41:37,"['green_garden_l', 'ital_supr_m', 'spicy_ital_s']",3,49.25
483,2016-01-08 17:41:37,"['bbq_ckn_l', 'napolitana_s', 'pep_msh_pep_s', 'spicy_ital_m']",4,60.25
484,2016-01-08 17:41:37,"['four_cheese_l', 'mexicana_l']",2,38.2
485,2016-01-08 18:07:31,['cali_ckn_m'],1,16.75
486,2016-01-08 18:07:31,['spinach_supr_s'],1,12.5
487,2016-01-08 18:30:16,"['hawaiian_s', 'sicilian_l', 'spinach_fet_l']",3,51.0
488,2016-01-08 18:30:16,['veggie_veg_m'],1,16.0
489,2016-01-08 18:30:16,['peppr_salami_l'],1,20.75
490,2016-08-01 00:00:00,"['big_meat_s', 'classic_dlx_m', 'napolitana_m']",3,44.0
491,2016-01-08 00:00:00,"['napolitana_s', 'pepperoni_l', 'peppr_salami_l', 'prsc_argla_m']",4,64.5
492,2016-01-08 00:00:00,"['ckn_pesto_l', 'sicilian_m', 'spinach_fet_m']",3,53.0
493,2016-01-08 00:00:00,['ital_supr_l'],1,20.75
494,2016-01-08 00:00:00,"['five_cheese_l', 'four_cheese_l', 'mexicana_l', 'southw_ckn_l']",4,77.45
495,2016-01-08 00:00:00,"['ital_supr_m', 'sicilian_l']",2,36.75
496,2016-01-08 00:00:00,"['sicilian_l', 'soppressata_s']",2,32.75
497,2016-01-08 00:00:00,['veggie_veg_s'],1,12.0
498,2016-01-08 00:00:00,['ital_supr_m'],1,16.5
499,2016-01-08 00:00:00,"['calabrese_s', 'four_cheese_l', 'mexicana_m', 'pep_msh_pep_m']",4,60.7
500,2016-08-01 00:00:00,['pep_msh_pep_m'],1,14.5
501,2016-01-08 21:51:31,"['pep_msh_pep_m', 'hawaiian_s', 'southw_ckn_l']",3,45.75
502,2016-01-08 22:26:08,['ital_veggie_m'],1,16.75
503,2016-09-01 00:00:00,"['pepperoni_l', 'sicilian_m']",2,31.5
504,2016-09-01 00:00:00,['the_greek_l'],1,20.5
505,2016-01-09 00:00:00,"['pepperoni_m', 'the_greek_xl']",2,38.0
506,2016-01-09 12:02:09,['spinach_fet_m'],1,16.0
507,2016-01-09 12:02:09,['ckn_pesto_s'],1,12.75
508,2016-01-09 12:02:09,"['cali_ckn_m', 'cali_ckn_s', 'pepperoni_m']",3,42.0
509,2016-01-09 12:13:00,['spicy_ital_l'],1,20.75
510,2016-01-09 12:13:00,"['classic_dlx_m', 'classic_dlx_s', 'ital_supr_l', 'spicy_ital_l']",4,69.5
511,2016-01-09 12:18:21,['five_cheese_l'],1,18.5
512,2016-01-09 12:18:21,['ital_veggie_m'],1,16.75
513,2016-01-09 12:22:48,"['four_cheese_l', 'four_cheese_l', 'pepperoni_l', 'pepperoni_l']",4,66.4
514,2016-01-09 12:26:47,['classic_dlx_s'],1,12.0
515,2016-01-09 12:26:47,"['ckn_pesto_l', 'mediterraneo_l']",2,41.0
516,2016-01-09 12:26:47,"['mediterraneo_l', 'veggie_veg_l']",2,40.5
517,2016-01-09 13:09:11,['mexicana_m'],1,16.0
518,2016-09-01 00:00:00,"['big_meat_s', 'prsc_argla_l', 'sicilian_s']",3,45.0
519,2016-01-09 13:15:20,['prsc_argla_s'],1,12.5
520,2016-01-09 13:15:20,['spin_pesto_l'],1,20.75
521,2016-01-09 13:15:20,['thai_ckn_s'],1,12.75
522,2016-01-09 14:09:33,"['thai_ckn_s', 'big_meat_s', 'classic_dlx_s', 'five_cheese_l', 'four_cheese_l', 'four_cheese_l', 'green_garden_s', 'green_garden_s', 'ital_cpcllo_m', 'ital_cpcllo_m', 'ital_cpcllo_m', 'sicilian_l', 'the_greek_l', 'the_greek_m']",14,219.9
523,2016-01-09 14:42:14,['prsc_argla_m'],1,16.5
524,2016-01-09 14:51:35,"['prsc_argla_m', 'prsc_argla_m']",2,33.0
525,2016-01-09 15:08:46,['pepperoni_l'],1,15.25
526,2016-01-09 15:10:13,"['cali_ckn_l', 'cali_ckn_l']",2,41.5
527,2016-01-09 15:10:13,"['four_cheese_l', 'southw_ckn_l']",2,38.7
528,2016-01-09 15:27:21,['ital_cpcllo_m'],1,16.0
529,2016-01-09 15:27:21,"['calabrese_m', 'cali_ckn_m', 'cali_ckn_m', 'hawaiian_s']",4,60.25
530,2016-01-09 15:27:21,"['classic_dlx_l', 'classic_dlx_l']",2,41.0
531,2016-01-09 15:58:10,"['peppr_salami_m', 'peppr_salami_m']",2,33.0
532,2016-01-09 00:00:00,"['peppr_salami_l', 'soppressata_s']",2,33.25
533,2016-01-09 00:00:00,"['five_cheese_l', 'spicy_ital_l', 'spicy_ital_l']",3,60.0
534,2016-01-09 00:00:00,"['prsc_argla_l', 'southw_ckn_l']",2,41.5
535,2016-01-09 17:08:47,['classic_dlx_m'],1,16.0
536,2016-01-09 17:08:47,"['brie_carre_s', 'peppr_salami_l']",2,44.4
537,2016-01-09 17:08:47,"['classic_dlx_s', 'hawaiian_s', 'ital_supr_l']",3,43.25
538,2016-09-01 00:00:00,['spinach_supr_l'],1,20.75
539,2016-01-09 00:00:00,"['five_cheese_l', 'ital_veggie_l', 'spinach_fet_m']",3,55.5
540,2016-01-09 17:52:41,['spinach_supr_l'],1,20.75
541,2016-01-09 17:52:41,['big_meat_s'],1,12.0
542,2016-01-09 17:52:41,"['bbq_ckn_l', 'prsc_argla_m']",2,37.25
543,2016-01-09 17:52:41,"['ckn_pesto_l', 'classic_dlx_m', 'mediterraneo_m']",3,52.75
544,2016-01-09 17:52:41,"['napolitana_m', 'napolitana_m']",2,32.0
545,2016-01-09 00:00:00,"['pepperoni_l', 'pepperoni_s', 'peppr_salami_l', 'soppressata_l']",4,66.5
546,2016-01-09 18:47:27,['green_garden_s'],1,12.0
547,2016-09-01 18:47:27,['green_garden_s'],1,12.0
548,2016-09-01 18:47:27,['hawaiian_l'],1,16.5
549,2016-01-09 18:47:27,"['big_meat_s', 'big_meat_s']",2,24.0
550,2016-01-09 18:47:27,"['spinach_fet_m', 'the_greek_m']",2,32.0
551,2016-01-09 19:26:24,"['four_cheese_l', 'soppressata_m', 'thai_ckn_l', 'the_greek_m']",4,71.2
552,2016-01-09 19:31:25,"['ckn_alfredo_m', 'ckn_alfredo_m', 'ital_supr_l']",3,54.25
553,2016-01-09 19:31:25,['mexicana_l'],1,20.25
554,2016-01-09 19:31:25,"['mexicana_l', 'green_garden_s']",2,32.25
555,2016-01-09 20:18:25,"['green_garden_s', 'hawaiian_s']",2,22.5
556,2016-01-09 20:23:12,"['four_cheese_l', 'the_greek_xl']",2,43.45
557,2016-01-09 20:23:12,"['sicilian_s', 'spicy_ital_s']",2,24.75
558,2016-01-09 20:23:12,['spicy_ital_s'],1,12.5
559,2016-01-09 20:23:12,['classic_dlx_s'],1,12.0
560,2016-01-09 20:23:12,"['green_garden_m', 'spicy_ital_m']",2,32.5
561,2016-01-09 21:47:56,['spinach_supr_s'],1,12.5
562,2016-01-09 21:47:56,['ckn_alfredo_m'],1,16.75
563,2016-01-09 21:47:56,"['mexicana_l', 'veggie_veg_s']",2,32.25
564,2016-09-01 21:47:56,"['mediterraneo_s', 'pepperoni_m', 'spinach_supr_l']",3,45.25
565,2016-01-10 21:47:56,['ital_veggie_s'],1,12.75
566,2016-01-10 12:21:00,['spinach_supr_l'],1,20.75
567,2016-10-01 00:00:00,"['bbq_ckn_l', 'five_cheese_l', 'five_cheese_l', 'four_cheese_m', 'pepperoni_m', 'sicilian_m', 'sicilian_s', 'soppressata_l', 'spicy_ital_l', 'spinach_supr_m', 'thai_ckn_s']",11,184.25
568,2016-01-10 00:00:00,['mexicana_l'],1,20.25
569,2016-01-10 12:37:00,"['mexicana_l', 'ckn_alfredo_m', 'classic_dlx_s']",3,49.0
570,2016-01-10 12:37:00,"['green_garden_m', 'southw_ckn_l']",2,36.75
571,2016-01-10 12:37:00,['big_meat_s'],1,12.0
572,2016-01-10 12:37:00,['southw_ckn_m'],1,16.75
573,2016-01-10 12:37:00,"['classic_dlx_m', 'classic_dlx_m']",2,32.0
574,2016-01-10 12:37:00,['ital_veggie_m'],1,16.75
575,2016-01-10 13:41:04,"['classic_dlx_l', 'napolitana_l', 'pepperoni_l', 'spinach_fet_m']",4,72.25
576,2016-01-10 13:41:04,"['big_meat_s', 'big_meat_s', 'spinach_fet_s']",3,36.0
577,2016-01-10 13:41:04,"['spinach_fet_m', 'veggie_veg_l']",2,36.25
578,2016-10-01 00:00:00,"['bbq_ckn_s', 'calabrese_m', 'calabrese_m', 'calabrese_m', 'the_greek_xl']",5,87.0
579,2016-10-01 00:00:00,['green_garden_s'],1,12.0
580,2016-01-10 00:00:00,"['hawaiian_m', 'southw_ckn_m']",2,30.0
581,2016-01-10 14:13:01,['mexicana_l'],1,20.25
582,2016-01-10 14:13:01,['mexicana_l'],1,20.25
583,2016-01-10 14:33:19,['mexicana_l'],1,20.25
584,2016-01-10 15:05:29,"['sicilian_s', 'soppressata_s']",2,24.75
585,2016-01-10 15:05:29,"['brie_carre_s', 'mexicana_l']",2,43.9
586,2016-01-10 15:05:29,"['mexicana_l', 'southw_ckn_m']",2,37.0
587,2016-01-10 16:32:36,"['peppr_salami_l', 'peppr_salami_s']",2,33.25
588,2016-10-01 16:32:36,['cali_ckn_s'],1,12.75
589,2016-01-10 16:32:36,"['ital_supr_s', 'mediterraneo_m', 'veggie_veg_s']",3,40.5
590,2016-01-10 17:23:39,['five_cheese_l'],1,18.5
591,2016-01-10 17:32:54,"['four_cheese_l', 'southw_ckn_s', 'spin_pesto_l']",3,51.45
592,2016-10-01 00:00:00,"['ital_veggie_s', 'pep_msh_pep_m', 'pep_msh_pep_m']",3,41.75
593,2016-10-01 17:48:57,"['cali_ckn_l', 'spicy_ital_l']",2,41.5
594,2016-10-01 00:00:00,['calabrese_l'],1,20.25
595,2016-10-01 00:00:00,"['classic_dlx_l', 'prsc_argla_m']",2,37.0
596,2016-10-01 18:24:07,"['prsc_argla_m', 'soppressata_s']",2,29.0
597,2016-10-01 00:00:00,"['cali_ckn_l', 'prsc_argla_m', 'spicy_ital_m']",3,53.75
598,2016-01-10 00:00:00,['prsc_argla_l'],1,20.75
599,2016-10-01 00:00:00,['peppr_salami_l'],1,20.75
600,2016-10-01 18:53:52,"['classic_dlx_s', 'four_cheese_l', 'mediterraneo_m', 'mediterraneo_m']",4,61.95
601,2016-01-10 18:53:52,"['bbq_ckn_l', 'classic_dlx_s', 'spin_pesto_m']",3,49.25
602,2016-01-10 18:53:52,['peppr_salami_l'],1,20.75
603,2016-01-10 19:03:11,['mexicana_m'],1,16.0
604,2016-01-10 19:03:11,"['soppressata_s', 'spinach_supr_m']",2,29.0
605,2016-10-01 00:00:00,"['pepperoni_m', 'the_greek_xl']",2,38.0
606,2016-10-01 00:00:00,['the_greek_xl'],1,25.5
607,2016-10-01 00:00:00,"['bbq_ckn_m', 'ital_supr_m', 'spinach_supr_l']",3,54.0
608,2016-01-10 00:00:00,"['hawaiian_l', 'pepperoni_m', 'thai_ckn_l', 'thai_ckn_l']",4,70.5
609,2016-01-10 00:00:00,['thai_ckn_l'],1,20.75
610,2016-01-10 19:51:02,"['big_meat_s', 'big_meat_s']",2,24.0
611,2016-01-10 19:51:02,"['five_cheese_l', 'mexicana_s', 'mexicana_s', 'the_greek_xl']",4,68.0
612,2016-01-10 19:51:02,"['big_meat_s', 'ital_supr_l', 'mexicana_l', 'soppressata_s']",4,65.5
613,2016-01-10 19:51:02,['napolitana_s'],1,12.0
614,2016-01-10 19:51:02,['peppr_salami_l'],1,20.75
615,2016-01-10 19:51:02,"['cali_ckn_l', 'cali_ckn_l']",2,41.5
616,2016-10-01 00:00:00,"['prsc_argla_l', 'veggie_veg_m']",2,36.75
617,2016-01-10 00:00:00,"['ckn_pesto_l', 'ckn_pesto_l']",2,41.5
618,2016-01-10 20:31:14,"['prsc_argla_m', 'spin_pesto_m']",2,33.0
619,2016-10-01 00:00:00,['ital_cpcllo_l'],1,20.5
620,2016-10-01 00:00:00,"['bbq_ckn_l', 'cali_ckn_m', 'peppr_salami_m', 'the_greek_s']",4,66.0
621,2016-01-10 00:00:00,"['calabrese_m', 'four_cheese_l', 'mexicana_l', 'spicy_ital_l']",4,75.2
622,2016-01-10 00:00:00,"['ital_supr_m', 'spicy_ital_l']",2,37.25
623,2016-01-10 00:00:00,"['cali_ckn_l', 'hawaiian_l']",2,37.25
624,2016-01-10 00:00:00,"['cali_ckn_m', 'veggie_veg_m']",2,32.75
625,2016-01-10 00:00:00,"['spinach_fet_l', 'spinach_supr_m']",2,36.75
626,2016-10-01 00:00:00,"['classic_dlx_m', 'four_cheese_m']",2,30.75
627,2016-10-01 00:00:00,"['the_greek_l', 'the_greek_m']",2,36.5
628,2016-01-10 00:00:00,"['classic_dlx_l', 'ital_veggie_s', 'the_greek_s', 'veggie_veg_s']",4,57.25
629,2016-10-01 00:00:00,"['calabrese_m', 'five_cheese_l', 'pep_msh_pep_m', 'spin_pesto_l']",4,70.0
630,2016-10-01 00:00:00,['sicilian_s'],1,12.25
631,2016-01-11 11:44:36,['pepperoni_l'],1,15.25
632,2016-01-11 11:44:36,['classic_dlx_s'],1,12.0
633,2016-11-01 00:00:00,"['mediterraneo_l', 'pepperoni_l', 'peppr_salami_l']",3,56.25
634,2016-11-01 12:14:00,['pepperoni_l'],1,15.25
635,2016-01-11 12:14:00,"['calabrese_l', 'cali_ckn_s', 'cali_ckn_s', 'hawaiian_s', 'hawaiian_s', 'pepperoni_m', 'pepperoni_m', 'peppr_salami_s', 'sicilian_s', 'spinach_fet_l', 'spinach_fet_s']",11,148.75
636,2016-01-11 12:14:00,['classic_dlx_m'],1,16.0
637,2016-01-11 12:14:00,"['the_greek_l', 'veggie_veg_m']",2,36.5
638,2016-01-11 12:49:26,['mexicana_l'],1,20.25
639,2016-01-11 12:49:26,['pep_msh_pep_m'],1,14.5
640,2016-01-11 12:49:26,"['cali_ckn_s', 'ckn_pesto_l', 'napolitana_s']",3,45.5
641,2016-01-11 13:37:46,"['pepperoni_m', 'southw_ckn_l', 'spin_pesto_m', 'spinach_fet_s']",4,61.75
642,2016-01-11 13:40:00,"['calabrese_m', 'cali_ckn_l', 'ital_supr_l', 'soppressata_l']",4,78.5
643,2016-01-11 13:40:00,['spinach_fet_m'],1,16.0
644,2016-01-11 13:40:00,"['ital_supr_l', 'peppr_salami_m']",2,37.25
645,2016-01-11 14:03:45,"['bbq_ckn_m', 'bbq_ckn_m']",2,33.5
646,2016-01-11 14:07:26,"['hawaiian_s', 'thai_ckn_l']",2,31.25
647,2016-01-11 14:07:26,['hawaiian_s'],1,10.5
648,2016-01-11 14:07:26,"['four_cheese_l', 'pepperoni_m']",2,30.45
649,2016-01-11 14:07:26,"['cali_ckn_s', 'pepperoni_m', 'peppr_salami_m', 'sicilian_s']",4,54.0
650,2016-11-01 00:00:00,['pepperoni_m'],1,12.5
651,2016-01-11 00:00:00,"['bbq_ckn_s', 'calabrese_m', 'pepperoni_m']",3,41.5
652,2016-01-11 00:00:00,"['big_meat_s', 'ckn_alfredo_m', 'ckn_pesto_s', 'prsc_argla_s']",4,54.0
653,2016-01-11 00:00:00,['thai_ckn_s'],1,12.75
654,2016-01-11 16:34:07,"['mexicana_l', 'sicilian_l', 'spin_pesto_m']",3,57.0
655,2016-01-11 16:34:07,['ital_supr_m'],1,16.5
656,2016-01-11 16:34:07,"['thai_ckn_l', 'veggie_veg_l']",2,41.0
657,2016-01-11 16:45:47,"['bbq_ckn_m', 'classic_dlx_m']",2,32.75
658,2016-01-11 16:45:47,"['napolitana_m', 'peppr_salami_s', 'veggie_veg_m']",3,44.5
659,2016-01-11 16:45:47,"['ital_supr_m', 'sicilian_l']",2,36.75
660,2016-01-11 17:09:36,"['sicilian_l', 'ital_supr_m']",2,36.75
661,2016-01-11 17:18:14,['napolitana_s'],1,12.0
662,2016-01-11 17:18:14,"['bbq_ckn_l', 'prsc_argla_s']",2,33.25
663,2016-01-11 17:29:14,['four_cheese_l'],1,17.95
664,2016-01-11 17:29:14,"['calabrese_m', 'ital_supr_l', 'pepperoni_l']",3,52.25
665,2016-01-11 17:42:23,"['bbq_ckn_m', 'mediterraneo_s']",2,28.75
666,2016-01-11 17:42:25,['hawaiian_l'],1,16.5
667,2016-01-11 17:42:25,"['hawaiian_l', 'pepperoni_s']",2,26.25
668,2016-01-11 17:42:25,"['ital_supr_m', 'mexicana_l', 'peppr_salami_l', 'spicy_ital_m']",4,74.0
669,2016-01-11 17:42:25,"['ital_cpcllo_l', 'mexicana_l']",2,40.75
670,2016-01-11 17:42:25,"['ital_cpcllo_s', 'soppressata_m']",2,28.5
671,2016-01-11 17:42:25,['ckn_pesto_s'],1,12.75
672,2016-01-11 17:42:25,"['green_garden_m', 'spicy_ital_l']",2,36.75
673,2016-11-01 00:00:00,"['soppressata_l', 'thai_ckn_m']",2,37.5
674,2016-11-01 00:00:00,"['ckn_pesto_m', 'mexicana_l', 'prsc_argla_s', 'spinach_fet_m']",4,65.5
675,2016-01-11 00:00:00,['spinach_fet_m'],1,16.0
676,2016-01-11 00:00:00,"['mexicana_l', 'veggie_veg_m']",2,36.25
677,2016-01-11 19:51:09,['peppr_salami_l'],1,20.75
678,2016-11-01 00:00:00,"['peppr_salami_l', 'napolitana_m', 'spicy_ital_m', 'spicy_ital_m']",4,69.75
679,2016-01-11 20:31:02,"['brie_carre_s', 'four_cheese_m', 'ital_supr_l', 'mediterraneo_l']",4,79.4
680,2016-01-11 20:31:02,"['ckn_pesto_s', 'sicilian_m']",2,29.0
681,2016-11-01 00:00:00,['peppr_salami_l'],1,20.75
682,2016-01-12 00:00:00,['ital_supr_l'],1,20.75
683,2016-01-12 11:39:08,"['ital_supr_l', 'ital_veggie_s', 'peppr_salami_m']",3,50.0
684,2016-01-12 12:01:23,['four_cheese_l'],1,17.95
685,2016-12-01 00:00:00,['soppressata_l'],1,20.75
686,2016-01-12 00:00:00,['big_meat_s'],1,12.0
687,2016-01-12 00:00:00,['big_meat_s'],1,12.0
688,2016-01-12 12:26:00,"['spicy_ital_l', 'spinach_supr_m']",2,37.25
689,2016-01-12 12:33:22,"['thai_ckn_l', 'thai_ckn_m']",2,37.5
690,2016-01-12 12:33:22,['pepperoni_m'],1,12.5
691,2016-01-12 12:45:53,['bbq_ckn_l'],1,20.75
692,2016-01-12 12:45:53,"['cali_ckn_m', 'ital_veggie_m']",2,33.5
693,2016-01-12 12:45:53,"['bbq_ckn_l', 'big_meat_s', 'big_meat_s', 'big_meat_s']",4,56.75
694,2016-01-12 12:45:53,"['ital_veggie_l', 'pep_msh_pep_m', 'pepperoni_l']",3,50.75
695,2016-01-12 13:33:06,['southw_ckn_s'],1,12.75
696,2016-01-12 13:33:06,"['prsc_argla_m', 'spicy_ital_s']",2,29.0
697,2016-01-12 13:33:06,"['classic_dlx_m', 'spin_pesto_s']",2,28.5
698,2016-01-12 13:33:06,"['spin_pesto_s', 'pep_msh_pep_l', 'thai_ckn_l']",3,50.75
699,2016-01-12 13:33:06,['pepperoni_s'],1,9.75
700,2016-01-12 13:33:06,"['brie_carre_s', 'ckn_pesto_s', 'ital_cpcllo_l', 'peppr_salami_s', 'sicilian_s']",5,81.65
701,2016-12-01 13:33:06,"['hawaiian_s', 'prsc_argla_s']",2,23.0
702,2016-01-12 14:38:35,"['prsc_argla_s', 'sicilian_s']",2,24.75
703,2016-01-12 14:38:35,['peppr_salami_s'],1,12.5
704,2016-01-12 14:38:35,"['calabrese_m', 'mediterraneo_l']",2,36.5
705,2016-01-12 15:31:00,"['mediterraneo_l', 'ital_supr_m', 'southw_ckn_m']",3,53.5
706,2016-01-12 15:31:00,"['cali_ckn_s', 'napolitana_l']",2,33.25
707,2016-01-12 15:31:00,"['bbq_ckn_m', 'peppr_salami_l', 'southw_ckn_l']",3,58.25
708,2016-01-12 15:31:00,['southw_ckn_l'],1,20.75
709,2016-01-12 15:53:56,['bbq_ckn_s'],1,12.75
710,2016-01-12 15:59:52,"['hawaiian_l', 'southw_ckn_l', 'the_greek_s', 'the_greek_xl']",4,74.75
711,2016-01-12 15:59:52,"['ckn_alfredo_m', 'mexicana_l', 'mexicana_l', 'mexicana_l']",4,77.5
712,2016-01-12 15:59:52,['ital_veggie_l'],1,21.0
713,2016-12-01 15:59:52,"['five_cheese_l', 'mediterraneo_s']",2,30.5
714,2016-01-12 16:55:08,"['classic_dlx_m', 'hawaiian_l', 'hawaiian_s', 'ital_cpcllo_l']",4,63.5
715,2016-01-12 16:55:08,"['pepperoni_m', 'peppr_salami_m', 'spinach_fet_m']",3,45.0
716,2016-01-12 16:55:08,['big_meat_s'],1,12.0
717,2016-12-01 00:00:00,"['big_meat_s', 'southw_ckn_l']",2,32.75
718,2016-01-12 00:00:00,"['cali_ckn_m', 'southw_ckn_l']",2,37.5
719,2016-01-12 00:00:00,"['bbq_ckn_l', 'mexicana_s']",2,32.75
720,2016-01-12 17:53:59,"['mexicana_s', 'napolitana_l', 'pep_msh_pep_m', 'sicilian_m']",4,63.25
721,2016-01-12 18:17:15,"['classic_dlx_s', 'classic_dlx_s']",2,24.0
722,2016-01-12 18:17:15,"['napolitana_l', 'spin_pesto_s']",2,33.0
723,2016-12-01 18:17:15,"['spin_pesto_s', 'pepperoni_s']",2,22.25
724,2016-12-01 00:00:00,"['big_meat_s', 'green_garden_m', 'green_garden_m', 'green_garden_m']",4,60.0
725,2016-01-12 00:00:00,"['big_meat_s', 'big_meat_s', 'mexicana_s', 'mexicana_s', 'the_greek_xl']",5,73.5
726,2016-01-12 00:00:00,['sicilian_s'],1,12.25
727,2016-01-12 00:00:00,['sicilian_s'],1,12.25
728,2016-01-12 00:00:00,"['southw_ckn_m', 'thai_ckn_s', 'the_greek_m']",3,45.5
729,2016-01-12 00:00:00,"['the_greek_m', 'hawaiian_l', 'sicilian_s']",3,44.75
730,2016-01-12 19:22:00,['ital_supr_m'],1,16.5
731,2016-01-12 19:22:00,"['sicilian_m', 'veggie_veg_s']",2,28.25
732,2016-01-12 19:22:00,['spinach_fet_l'],1,20.25
733,2016-12-01 19:22:00,"['cali_ckn_s', 'ital_cpcllo_l', 'pepperoni_s', 'thai_ckn_l']",4,63.75
734,2016-01-12 19:22:00,['pepperoni_s'],1,9.75
735,2016-12-01 19:22:00,"['ckn_pesto_s', 'pep_msh_pep_m', 'pep_msh_pep_s']",3,38.25
736,2016-12-01 19:22:00,"['five_cheese_l', 'veggie_veg_s']",2,30.5
737,2016-01-13 19:22:00,"['bbq_ckn_m', 'thai_ckn_m']",2,33.5
738,2016-01-13 12:16:47,['southw_ckn_m'],1,16.75
739,2016-01-13 12:16:47,['big_meat_s'],1,12.0
740,2016-01-13 12:29:51,"['cali_ckn_m', 'ckn_pesto_l', 'five_cheese_l', 'five_cheese_l', 'four_cheese_l', 'four_cheese_l', 'ital_cpcllo_l', 'ital_cpcllo_l', 'ital_supr_m', 'napolitana_l', 'prsc_argla_m', 'sicilian_l', 'sicilian_l', 'spinach_fet_m', 'spinach_fet_s', 'spinach_fet_s']",16,285.4
741,2016-01-13 12:49:00,['napolitana_m'],1,16.0
742,2016-01-13 12:49:00,['bbq_ckn_l'],1,20.75
743,2016-01-13 12:49:00,['napolitana_l'],1,20.5
744,2016-01-13 12:49:00,['peppr_salami_m'],1,16.5
745,2016-01-13 12:49:00,"['bbq_ckn_l', 'cali_ckn_m', 'classic_dlx_m', 'four_cheese_m', 'mediterraneo_m', 'mediterraneo_m', 'the_greek_m']",7,116.25
746,2016-01-13 13:41:13,"['spicy_ital_l', 'spicy_ital_l']",2,41.5
747,2016-01-13 13:41:13,"['mexicana_l', 'sicilian_s', 'spicy_ital_l']",3,53.25
748,2016-01-13 13:41:13,['five_cheese_l'],1,18.5
749,2016-01-13 13:41:13,['five_cheese_l'],1,18.5
750,2016-01-13 13:41:13,['five_cheese_l'],1,18.5
751,2016-01-13 13:41:13,"['calabrese_l', 'hawaiian_s', 'napolitana_s', 'veggie_veg_m']",4,58.75
752,2016-01-13 15:19:25,"['hawaiian_s', 'soppressata_s']",2,23.0
753,2016-01-13 00:00:00,"['green_garden_s', 'hawaiian_s', 'ital_supr_m', 'prsc_argla_l']",4,59.75
754,2016-01-13 00:00:00,"['pep_msh_pep_m', 'southw_ckn_l']",2,35.25
755,2016-01-13 15:50:49,"['bbq_ckn_m', 'four_cheese_m']",2,31.5
756,2016-01-13 15:50:49,"['ckn_pesto_s', 'spin_pesto_m', 'veggie_veg_s']",3,41.25
757,2016-01-13 15:50:49,"['napolitana_l', 'pepperoni_m', 'spicy_ital_l', 'veggie_veg_m']",4,69.75
758,2016-01-13 15:50:49,"['four_cheese_m', 'four_cheese_m']",2,29.5
759,2016-01-13 15:50:49,['calabrese_l'],1,20.25
760,2016-01-13 15:50:49,['cali_ckn_s'],1,12.75
761,2016-01-13 15:50:49,"['sicilian_s', 'soppressata_m']",2,28.75
762,2016-01-13 15:50:49,"['soppressata_m', 'soppressata_m', 'thai_ckn_l', 'thai_ckn_l']",4,74.5
763,2016-01-13 15:50:49,['classic_dlx_m'],1,16.0
764,2016-01-13 15:50:49,"['ital_supr_m', 'the_greek_xl']",2,42.0
765,2016-01-13 00:00:00,"['cali_ckn_s', 'ital_cpcllo_l', 'peppr_salami_s', 'sicilian_s']",4,58.0
766,2016-01-13 17:21:45,"['ital_veggie_s', 'mexicana_m', 'southw_ckn_l']",3,49.5
767,2016-01-13 17:21:45,['classic_dlx_l'],1,20.5
768,2016-01-13 17:21:45,['brie_carre_s'],1,23.65
769,2016-01-13 17:43:17,['four_cheese_m'],1,14.75
770,2016-01-13 17:43:17,"['peppr_salami_l', 'sicilian_s']",2,33.0
771,2016-01-13 17:59:32,"['cali_ckn_m', 'sicilian_s']",2,29.0
772,2016-01-13 00:00:00,['ital_veggie_m'],1,16.75
773,2016-01-13 00:00:00,"['classic_dlx_m', 'pep_msh_pep_l']",2,33.5
774,2016-01-13 18:31:07,"['ckn_pesto_l', 'spinach_fet_s']",2,32.75
775,2016-01-13 18:42:12,"['bbq_ckn_l', 'five_cheese_l', 'five_cheese_l', 'five_cheese_l']",4,76.25
776,2016-01-13 18:42:12,"['spinach_fet_s', 'thai_ckn_l', 'thai_ckn_l']",3,53.5
777,2016-01-13 18:42:12,"['bbq_ckn_l', 'the_greek_m']",2,36.75
778,2016-01-13 18:42:12,"['four_cheese_m', 'ital_supr_m', 'prsc_argla_m', 'southw_ckn_m']",4,64.5
779,2016-01-13 18:42:12,"['classic_dlx_m', 'ital_cpcllo_m', 'ital_supr_l', 'ital_supr_m']",4,69.25
780,2016-01-13 18:42:12,"['big_meat_s', 'ital_cpcllo_l']",2,32.5
781,2016-01-13 18:42:12,"['ital_cpcllo_l', 'southw_ckn_l', 'southw_ckn_m', 'veggie_veg_l']",4,78.25
782,2016-01-13 18:42:12,"['calabrese_l', 'thai_ckn_l']",2,41.0
783,2016-01-13 18:42:12,"['spinach_fet_m', 'thai_ckn_l', 'thai_ckn_l']",3,57.5
784,2016-01-13 18:42:12,['napolitana_m'],1,16.0
785,2016-01-14 18:42:12,"['hawaiian_l', 'southw_ckn_l']",2,37.25
786,2016-01-14 11:35:00,['southw_ckn_l'],1,20.75
787,2016-01-14 11:45:30,"['cali_ckn_m', 'spicy_ital_l']",2,37.5
788,2016-01-14 11:46:19,['spicy_ital_l'],1,20.75
789,2016-01-14 11:51:00,['spinach_fet_l'],1,20.25
790,2016-01-14 12:07:00,"['five_cheese_l', 'spinach_supr_l']",2,39.25
791,2016-01-14 12:07:00,"['pepperoni_s', 'thai_ckn_m']",2,26.5
792,2016-01-14 12:07:00,"['ckn_alfredo_m', 'four_cheese_l', 'ital_veggie_m', 'ital_veggie_m', 'prsc_argla_s', 'spin_pesto_l', 'veggie_veg_m']",7,117.45
793,2016-01-14 12:07:00,['prsc_argla_l'],1,20.75
794,2016-01-14 12:07:00,['napolitana_m'],1,16.0
795,2016-01-14 12:42:17,['five_cheese_l'],1,18.5
796,2016-01-14 12:43:09,['mexicana_m'],1,16.0
797,2016-01-14 12:50:00,"['peppr_salami_m', 'prsc_argla_m', 'prsc_argla_m']",3,49.5
798,2016-01-14 12:50:00,"['five_cheese_l', 'green_garden_s', 'green_garden_s', 'spinach_fet_m']",4,58.5
799,2016-01-14 12:50:00,"['ital_supr_m', 'pep_msh_pep_s', 'thai_ckn_m']",3,44.25
800,2016-01-14 12:50:00,"['thai_ckn_m', 'thai_ckn_m', 'hawaiian_s', 'hawaiian_s', 'ital_veggie_s', 'napolitana_s', 'southw_ckn_s', 'southw_ckn_s', 'spicy_ital_l']",9,125.5
801,2016-01-14 13:10:53,"['bbq_ckn_m', 'bbq_ckn_m', 'classic_dlx_s', 'ital_supr_m', 'napolitana_l', 'sicilian_l', 'sicilian_s', 'sicilian_s', 'southw_ckn_l', 'southw_ckn_s', 'southw_ckn_s', 'spinach_supr_l', 'thai_ckn_l']",13,215.0
802,2016-01-14 13:10:53,"['ckn_alfredo_s', 'hawaiian_s']",2,23.25
803,2016-01-14 13:10:53,['ital_supr_m'],1,16.5
804,2016-01-14 13:10:53,['prsc_argla_s'],1,12.5
805,2016-01-14 13:10:53,"['big_meat_s', 'four_cheese_m']",2,26.75
806,2016-01-14 13:10:53,['four_cheese_m'],1,14.75
807,2016-01-14 13:10:53,['big_meat_s'],1,12.0
808,2016-01-14 14:15:32,['peppr_salami_l'],1,20.75
809,2016-01-14 14:15:32,['hawaiian_s'],1,10.5
810,2016-01-14 14:48:30,['ital_veggie_m'],1,16.75
811,2016-01-14 14:48:30,['veggie_veg_m'],1,16.0
812,2016-01-14 14:48:30,"['calabrese_s', 'pep_msh_pep_m']",2,26.75
813,2016-01-14 16:09:29,"['cali_ckn_s', 'southw_ckn_l']",2,33.5
814,2016-01-14 16:21:23,"['southw_ckn_l', 'veggie_veg_l']",2,41.0
815,2016-01-14 16:21:23,['napolitana_l'],1,20.5
816,2016-01-14 16:21:23,"['southw_ckn_l', 'southw_ckn_l']",2,41.5
817,2016-01-14 17:10:38,"['classic_dlx_s', 'pepperoni_m', 'southw_ckn_l', 'thai_ckn_l']",4,66.0
818,2016-01-14 17:15:50,"['pep_msh_pep_s', 'sicilian_l', 'sicilian_s']",3,43.5
819,2016-01-14 17:15:50,"['bbq_ckn_m', 'sicilian_s']",2,29.0
820,2016-01-14 00:00:00,"['southw_ckn_l', 'spinach_supr_l']",2,41.5
821,2016-01-14 17:37:26,['five_cheese_l'],1,18.5
822,2016-01-14 17:37:26,['the_greek_xl'],1,25.5
823,2016-01-14 17:37:26,"['bbq_ckn_m', 'cali_ckn_m', 'the_greek_l']",3,54.0
824,2016-01-14 00:00:00,"['cali_ckn_l', 'cali_ckn_l', 'ital_supr_s', 'sicilian_l']",4,74.25
825,2016-01-14 00:00:00,"['five_cheese_l', 'sicilian_s']",2,30.75
826,2016-01-14 00:00:00,"['ckn_pesto_l', 'ital_supr_l', 'pepperoni_l']",3,56.75
827,2016-01-14 00:00:00,"['pepperoni_l', 'napolitana_l']",2,35.75
828,2016-01-14 00:00:00,"['ckn_pesto_l', 'peppr_salami_l']",2,41.5
829,2016-01-14 00:00:00,"['napolitana_m', 'peppr_salami_m', 'spicy_ital_s', 'spinach_supr_s']",4,57.5
830,2016-01-14 18:38:17,"['hawaiian_m', 'ital_supr_m', 'pepperoni_m']",3,42.25
831,2016-01-14 18:38:20,"['calabrese_l', 'ckn_pesto_l', 'ckn_pesto_m', 'ckn_pesto_m']",4,74.5
832,2016-01-14 18:38:20,['hawaiian_l'],1,16.5
833,2016-01-14 18:38:20,"['big_meat_s', 'napolitana_s']",2,24.0
834,2016-01-14 18:38:20,"['ckn_pesto_l', 'pepperoni_s', 'prsc_argla_s', 'spinach_fet_l']",4,63.25
835,2016-01-14 18:38:20,"['spinach_fet_l', 'bbq_ckn_s', 'pepperoni_m', 'southw_ckn_l']",4,66.25
836,2016-01-14 20:08:08,"['five_cheese_l', 'four_cheese_l', 'hawaiian_s', 'the_greek_xl']",4,72.45
837,2016-01-14 20:12:27,['ital_supr_m'],1,16.5
838,2016-01-14 20:12:27,"['ckn_alfredo_m', 'ital_supr_m', 'veggie_veg_m']",3,49.25
839,2016-01-14 20:12:27,"['mexicana_l', 'mexicana_l']",2,40.5
840,2016-01-14 20:12:27,['ital_supr_l'],1,20.75
841,2016-01-14 20:12:27,['peppr_salami_l'],1,20.75
842,2016-01-14 20:12:27,"['spin_pesto_s', 'spin_pesto_s', 'spinach_supr_s']",3,37.5
843,2016-01-14 20:12:27,['spinach_supr_m'],1,16.5
844,2016-01-14 20:12:27,['veggie_veg_m'],1,16.0
845,2016-01-14 20:12:27,"['classic_dlx_l', 'five_cheese_l', 'ital_supr_m', 'southw_ckn_l']",4,76.25
846,2016-01-14 20:12:27,"['southw_ckn_l', 'five_cheese_l']",2,39.25
847,2016-01-15 11:37:00,['pepperoni_m'],1,12.5
848,2016-01-15 11:37:00,['big_meat_s'],1,12.0
849,2016-01-15 12:08:30,"['classic_dlx_m', 'sicilian_s', 'spicy_ital_l', 'spicy_ital_l']",4,69.75
850,2016-01-15 12:08:30,"['four_cheese_l', 'southw_ckn_l', 'thai_ckn_m']",3,55.45
851,2016-01-15 12:08:30,['bbq_ckn_l'],1,20.75
852,2016-01-15 12:08:30,['thai_ckn_m'],1,16.75
853,2016-01-15 12:08:30,['thai_ckn_m'],1,16.75
854,2016-01-15 00:00:00,"['pepperoni_s', 'soppressata_l']",2,30.5
855,2016-01-15 00:00:00,"['five_cheese_l', 'sicilian_m', 'southw_ckn_s', 'spin_pesto_m', 'veggie_veg_m']",5,80.0
856,2016-01-15 00:00:00,['veggie_veg_m'],1,16.0
857,2016-01-15 00:00:00,['napolitana_s'],1,12.0
858,2016-01-15 00:00:00,"['peppr_salami_s', 'thai_ckn_l', 'veggie_veg_m']",3,49.25
859,2016-01-15 13:05:13,"['big_meat_s', 'calabrese_m', 'ckn_alfredo_m', 'the_greek_l']",4,65.5
860,2016-01-15 13:05:13,"['the_greek_l', 'spicy_ital_m']",2,37.0
861,2016-01-15 13:08:44,['prsc_argla_l'],1,20.75
862,2016-01-15 13:08:44,['southw_ckn_m'],1,16.75
863,2016-01-15 13:12:29,['thai_ckn_m'],1,16.75
864,2016-01-15 13:12:29,"['big_meat_s', 'hawaiian_s', 'ital_supr_l', 'mediterraneo_m', 'sicilian_l', 'spinach_fet_l', 'spinach_supr_l', 'the_greek_m', 'veggie_veg_m']",9,152.5
865,2016-01-15 14:10:00,['classic_dlx_s'],1,12.0
866,2016-01-15 14:10:00,['peppr_salami_m'],1,16.5
867,2016-01-15 14:10:00,"['hawaiian_l', 'hawaiian_s']",2,27.0
868,2016-01-15 14:27:25,['hawaiian_s'],1,10.5
869,2016-01-15 14:27:25,"['spinach_supr_m', 'thai_ckn_l']",2,37.25
870,2016-01-15 00:00:00,"['five_cheese_l', 'four_cheese_m']",2,33.25
871,2016-01-15 00:00:00,['ckn_alfredo_s'],1,12.75
872,2016-01-15 00:00:00,['prsc_argla_m'],1,16.5
873,2016-01-15 15:06:15,['pepperoni_m'],1,12.5
874,2016-01-15 15:06:15,"['pep_msh_pep_s', 'southw_ckn_l']",2,31.75
875,2016-01-15 15:06:15,['southw_ckn_l'],1,20.75
876,2016-01-15 15:06:15,"['hawaiian_s', 'hawaiian_s', 'spicy_ital_l']",3,41.75
877,2016-01-15 15:06:15,['four_cheese_l'],1,17.95
878,2016-01-15 16:05:58,['cali_ckn_m'],1,16.75
879,2016-01-15 16:05:58,"['southw_ckn_s', 'spinach_supr_s', 'veggie_veg_m']",3,41.25
880,2016-01-15 16:05:58,"['pepperoni_l', 'pepperoni_s']",2,25.0
881,2016-01-15 16:40:04,"['cali_ckn_m', 'ital_supr_s']",2,29.25
882,2016-01-15 16:44:46,"['prsc_argla_m', 'prsc_argla_m', 'thai_ckn_l']",3,53.75
883,2016-01-15 16:44:46,"['cali_ckn_m', 'classic_dlx_s', 'hawaiian_s', 'prsc_argla_s']",4,51.75
884,2016-01-15 16:44:46,['hawaiian_s'],1,10.5
885,2016-01-15 00:00:00,"['mexicana_m', 'sicilian_s', 'spicy_ital_m', 'the_greek_xl']",4,70.25
886,2016-01-15 17:05:35,"['mediterraneo_l', 'sicilian_s', 'spicy_ital_l']",3,53.25
887,2016-01-15 17:05:35,"['pepperoni_l', 'spicy_ital_m']",2,31.75
888,2016-01-15 17:05:35,"['sicilian_m', 'sicilian_m']",2,32.5
889,2016-01-15 17:05:35,['bbq_ckn_l'],1,20.75
890,2016-01-15 17:05:35,['four_cheese_m'],1,14.75
891,2016-01-15 17:05:35,['spin_pesto_l'],1,20.75
892,2016-01-15 00:00:00,"['four_cheese_l', 'mediterraneo_l']",2,38.2
893,2016-01-15 00:00:00,['mediterraneo_l'],1,20.25
894,2016-01-15 00:00:00,['napolitana_s'],1,12.0
895,2016-01-15 00:00:00,"['bbq_ckn_l', 'hawaiian_l', 'hawaiian_l']",3,53.75
896,2016-01-15 18:27:28,"['cali_ckn_l', 'five_cheese_l']",2,39.25
897,2016-01-15 18:27:28,"['five_cheese_l', 'mexicana_s', 'spinach_fet_l']",3,50.75
898,2016-01-15 00:00:00,['classic_dlx_s'],1,12.0
899,2016-01-15 00:00:00,"['spicy_ital_l', 'spicy_ital_l']",2,41.5
900,2016-01-15 00:00:00,"['pepperoni_l', 'pepperoni_s']",2,25.0
901,2016-01-15 00:00:00,['pepperoni_s'],1,9.75
902,2016-01-15 00:00:00,['peppr_salami_l'],1,20.75
903,2016-01-15 00:00:00,"['classic_dlx_l', 'peppr_salami_l', 'peppr_salami_l']",3,62.0
904,2016-01-15 00:00:00,"['bbq_ckn_m', 'pep_msh_pep_s']",2,27.75
905,2016-01-15 00:00:00,"['bbq_ckn_m', 'ital_veggie_m', 'veggie_veg_m']",3,49.5
906,2016-01-15 00:00:00,"['soppressata_s', 'southw_ckn_l']",2,33.25
907,2016-01-15 00:00:00,['sicilian_s'],1,12.25
908,2016-01-15 00:00:00,"['pepperoni_m', 'thai_ckn_l']",2,33.25
909,2016-01-16 00:00:00,"['bbq_ckn_l', 'ital_veggie_m', 'spicy_ital_s']",3,50.0
910,2016-01-16 00:00:00,"['ital_cpcllo_s', 'prsc_argla_s', 'veggie_veg_l']",3,44.75
911,2016-01-16 11:36:00,"['bbq_ckn_s', 'spinach_fet_s']",2,24.75
912,2016-01-16 11:39:00,['pep_msh_pep_m'],1,14.5
913,2016-01-16 11:39:00,['spinach_supr_s'],1,12.5
914,2016-01-16 11:39:00,['spinach_supr_s'],1,12.5
915,2016-01-16 12:20:22,"['bbq_ckn_m', 'bbq_ckn_m', 'green_garden_s', 'napolitana_m', 'pepperoni_l', 'pepperoni_l', 'prsc_argla_s', 'spicy_ital_l']",8,125.25
916,2016-01-16 12:20:22,"['ital_supr_m', 'ital_supr_m', 'pepperoni_l', 'the_greek_xl']",4,73.75
917,2016-01-16 12:20:22,['southw_ckn_l'],1,20.75
918,2016-01-16 12:20:22,['spinach_fet_s'],1,12.0
919,2016-01-16 12:20:22,['napolitana_l'],1,20.5
920,2016-01-16 00:00:00,"['bbq_ckn_m', 'classic_dlx_m']",2,32.75
921,2016-01-16 13:18:32,"['southw_ckn_l', 'spin_pesto_l']",2,41.5
922,2016-01-16 13:18:32,"['calabrese_m', 'pepperoni_m', 'pepperoni_m']",3,41.25
923,2016-01-16 13:18:32,"['mexicana_m', 'spinach_fet_s']",2,28.0
924,2016-01-16 13:18:32,"['pepperoni_l', 'southw_ckn_l']",2,36.0
925,2016-01-16 00:00:00,['veggie_veg_l'],1,20.25
926,2016-01-16 00:00:00,"['classic_dlx_m', 'pepperoni_l', 'sicilian_s', 'veggie_veg_l']",4,63.75
927,2016-01-16 00:00:00,"['cali_ckn_m', 'ckn_alfredo_m', 'classic_dlx_m', 'four_cheese_m', 'four_cheese_m', 'ital_cpcllo_s', 'mexicana_m', 'napolitana_m', 'spinach_fet_m']",9,139.0
928,2016-01-16 14:14:40,"['cali_ckn_l', 'cali_ckn_l']",2,41.5
929,2016-01-16 14:14:40,['five_cheese_l'],1,18.5
930,2016-01-16 14:14:40,"['ital_cpcllo_s', 'napolitana_l', 'pep_msh_pep_s']",3,43.5
931,2016-01-16 15:27:24,"['bbq_ckn_l', 'five_cheese_l', 'peppr_salami_s']",3,51.75
932,2016-01-16 00:00:00,"['calabrese_m', 'thai_ckn_s']",2,29.0
933,2016-01-16 00:00:00,['five_cheese_l'],1,18.5
934,2016-01-16 15:55:24,['thai_ckn_l'],1,20.75
935,2016-01-16 16:14:59,"['big_meat_s', 'spicy_ital_l', 'spinach_fet_m', 'the_greek_m']",4,64.75
936,2016-01-16 16:14:59,['sicilian_s'],1,12.25
937,2016-01-16 16:14:59,['sicilian_s'],1,12.25
938,2016-01-16 16:14:59,"['ital_supr_m', 'peppr_salami_l', 'spinach_fet_l']",3,57.5
939,2016-01-16 16:14:59,"['peppr_salami_l', 'peppr_salami_l']",2,41.5
940,2016-01-16 16:14:59,"['napolitana_l', 'pep_msh_pep_m', 'peppr_salami_m']",3,51.5
941,2016-01-16 00:00:00,"['green_garden_m', 'ital_cpcllo_l']",2,36.5
942,2016-01-16 17:18:37,"['bbq_ckn_m', 'southw_ckn_l']",2,37.5
943,2016-01-16 17:22:00,['sicilian_s'],1,12.25
944,2016-01-16 17:22:00,['sicilian_s'],1,12.25
945,2016-01-16 17:22:00,"['sicilian_s', 'five_cheese_l', 'four_cheese_l', 'hawaiian_s']",4,59.2
946,2016-01-16 17:22:00,"['cali_ckn_s', 'pepperoni_s', 'spin_pesto_l', 'spinach_supr_s']",4,55.75
947,2016-01-16 17:22:00,"['cali_ckn_m', 'pepperoni_l', 'the_greek_xl']",3,57.5
948,2016-01-16 18:42:17,"['pep_msh_pep_s', 'pepperoni_l', 'spicy_ital_l', 'veggie_veg_s']",4,59.0
949,2016-01-16 18:42:17,"['mexicana_l', 'veggie_veg_m']",2,36.25
950,2016-01-16 18:57:56,['cali_ckn_m'],1,16.75
951,2016-01-16 18:57:56,['ital_veggie_m'],1,16.75
952,2016-01-16 19:05:35,"['big_meat_s', 'calabrese_l', 'peppr_salami_m', 'spinach_fet_s']",4,60.75
953,2016-01-16 19:05:35,"['bbq_ckn_s', 'ckn_alfredo_m', 'spinach_fet_s']",3,41.5
954,2016-01-16 19:14:03,"['thai_ckn_l', 'thai_ckn_l']",2,41.5
955,2016-01-16 19:14:03,"['cali_ckn_m', 'five_cheese_l', 'napolitana_l']",3,55.75
956,2016-01-16 19:14:03,"['prsc_argla_m', 'thai_ckn_s']",2,29.25
957,2016-01-16 19:14:03,"['four_cheese_l', 'green_garden_l', 'ital_veggie_s', 'spin_pesto_l']",4,71.7
958,2016-01-16 19:33:33,['pepperoni_l'],1,15.25
959,2016-01-16 19:33:33,"['cali_ckn_s', 'spin_pesto_m']",2,29.25
960,2016-01-16 00:00:00,['spicy_ital_l'],1,20.75
961,2016-01-16 00:00:00,"['bbq_ckn_s', 'ital_cpcllo_l']",2,33.25
962,2016-01-16 19:55:17,"['big_meat_s', 'pep_msh_pep_l']",2,29.5
963,2016-01-16 19:55:17,"['cali_ckn_m', 'cali_ckn_m', 'ckn_pesto_l', 'sicilian_m']",4,70.5
964,2016-01-16 19:55:17,"['big_meat_s', 'four_cheese_m']",2,26.75
965,2016-01-16 19:55:17,"['green_garden_s', 'spicy_ital_l', 'spinach_fet_m', 'thai_ckn_m']",4,65.5
966,2016-01-16 19:55:17,"['sicilian_s', 'spinach_fet_l']",2,32.5
967,2016-01-16 19:55:17,['mediterraneo_m'],1,16.0
968,2016-01-16 19:55:17,"['hawaiian_s', 'ital_cpcllo_s']",2,22.5
969,2016-01-16 21:36:19,['ital_cpcllo_s'],1,12.0
970,2016-01-16 21:36:19,"['classic_dlx_m', 'spicy_ital_l']",2,36.75
971,2016-01-16 21:46:20,"['ckn_alfredo_m', 'classic_dlx_m', 'ital_supr_l', 'sicilian_l']",4,73.75
972,2016-01-16 21:46:20,"['pepperoni_l', 'pepperoni_s']",2,25.0
973,2016-01-16 21:46:20,['mexicana_l'],1,20.25
974,2016-01-16 22:06:53,['classic_dlx_s'],1,12.0
975,2016-01-16 22:10:21,"['green_garden_m', 'mediterraneo_l']",2,36.25
976,2016-01-16 11:53:00,['pepperoni_l'],1,15.25
977,2016-01-17 11:53:00,"['pepperoni_l', 'thai_ckn_l']",2,36.0
978,2016-01-17 12:24:36,"['bbq_ckn_s', 'big_meat_s', 'brie_carre_s', 'brie_carre_s', 'hawaiian_l', 'hawaiian_s', 'ital_supr_l', 'ital_supr_m', 'mediterraneo_l', 'peppr_salami_l', 'spicy_ital_s', 'thai_ckn_m']",12,206.55
979,2016-01-17 12:24:36,['thai_ckn_m'],1,16.75
980,2016-01-17 12:58:00,"['cali_ckn_l', 'napolitana_s', 'sicilian_l', 'spinach_supr_s', 'thai_ckn_l', 'thai_ckn_l']",6,107.0
981,2016-01-17 12:58:00,['bbq_ckn_l'],1,20.75
982,2016-01-17 00:00:00,"['four_cheese_l', 'hawaiian_l', 'pepperoni_l', 'southw_ckn_l']",4,70.45
983,2016-01-17 00:00:00,['big_meat_s'],1,12.0
984,2016-01-17 00:00:00,['ital_cpcllo_s'],1,12.0
985,2016-01-17 00:00:00,"['hawaiian_m', 'ital_veggie_m', 'soppressata_s']",3,42.5
986,2016-01-17 00:00:00,['veggie_veg_m'],1,16.0
987,2016-01-17 00:00:00,"['veggie_veg_m', 'calabrese_l', 'calabrese_l']",3,56.5
988,2016-01-17 14:44:56,['ital_veggie_l'],1,21.0
989,2016-01-17 14:44:56,['hawaiian_s'],1,10.5
990,2016-01-17 14:44:56,['pepperoni_s'],1,9.75
991,2016-01-17 14:44:56,"['big_meat_s', 'soppressata_s']",2,24.5
992,2016-01-17 14:44:56,['ital_supr_m'],1,16.5
993,2016-01-17 16:16:59,['bbq_ckn_m'],1,16.75
994,2016-01-17 16:16:59,"['cali_ckn_m', 'hawaiian_s', 'thai_ckn_l', 'thai_ckn_s']",4,60.75
995,2016-01-17 16:57:30,['thai_ckn_s'],1,12.75
996,2016-01-17 16:57:30,"['ital_cpcllo_m', 'ital_cpcllo_s', 'napolitana_l', 'spin_pesto_s']",4,61.0
997,2016-01-17 17:16:26,['mexicana_m'],1,16.0
998,2016-01-17 17:16:26,['ital_cpcllo_l'],1,20.5
999,2016-01-17 17:21:24,['southw_ckn_m'],1,16.75
1000,2016-01-17 17:21:24,"['brie_carre_s', 'mediterraneo_l']",2,43.9
1001,2016-01-17 17:21:24,"['big_meat_s', 'big_meat_s', 'pepperoni_l', 'pepperoni_l', 'pepperoni_l']",5,69.75
1002,2016-01-17 17:29:41,"['bbq_ckn_m', 'bbq_ckn_m']",2,33.5
1003,2016-01-17 17:31:16,"['cali_ckn_l', 'cali_ckn_m', 'pepperoni_s']",3,47.25
1004,2016-01-17 17:31:16,['the_greek_xl'],1,25.5
1005,2016-01-17 17:49:51,"['bbq_ckn_l', 'bbq_ckn_l']",2,41.5
1006,2016-01-17 17:49:51,"['thai_ckn_l', 'veggie_veg_s']",2,32.75
1007,2016-01-17 00:00:00,['veggie_veg_l'],1,20.25
1008,2016-01-17 00:00:00,"['classic_dlx_m', 'the_greek_m']",2,32.0
1009,2016-01-17 00:00:00,"['classic_dlx_m', 'green_garden_m']",2,32.0
1010,2016-01-17 00:00:00,"['big_meat_s', 'ckn_alfredo_l', 'ital_veggie_l']",3,53.75
1011,2016-01-17 00:00:00,['pep_msh_pep_s'],1,11.0
1012,2016-01-17 00:00:00,"['green_garden_m', 'prsc_argla_l']",2,36.75
1013,2016-01-17 00:00:00,"['soppressata_m', 'soppressata_m']",2,33.0
1014,2016-01-17 00:00:00,"['ckn_pesto_l', 'pepperoni_s', 'prsc_argla_s', 'southw_ckn_l']",4,63.75
1015,2016-01-17 00:00:00,['thai_ckn_l'],1,20.75
1016,2016-01-17 19:44:36,"['cali_ckn_m', 'hawaiian_m', 'sicilian_s']",3,42.25
1017,2016-01-17 19:44:36,['cali_ckn_m'],1,16.75
1018,2016-01-17 20:38:50,"['bbq_ckn_l', 'cali_ckn_s', 'pep_msh_pep_s']",3,44.5
1019,2016-01-17 20:38:50,"['hawaiian_s', 'hawaiian_s', 'soppressata_s', 'spin_pesto_s']",4,46.0
1020,2016-01-17 20:38:50,"['spin_pesto_s', 'bbq_ckn_s', 'pepperoni_m', 'southw_ckn_l']",4,58.5
1021,2016-01-17 21:11:31,"['bbq_ckn_l', 'cali_ckn_l', 'mediterraneo_s', 'pepperoni_m']",4,66.0
1022,2016-01-17 21:11:31,['thai_ckn_l'],1,20.75
1023,2016-01-17 21:11:31,['ital_cpcllo_m'],1,16.0
1024,2016-01-17 21:11:31,['bbq_ckn_l'],1,20.75
1025,2016-01-17 21:11:31,"['pep_msh_pep_s', 'pep_msh_pep_s', 'veggie_veg_l']",3,42.25
1026,2016-01-17 21:11:31,"['cali_ckn_l', 'classic_dlx_l']",2,41.25
1027,2016-01-17 21:57:02,['classic_dlx_l'],1,20.5
1028,2016-01-17 21:57:02,"['napolitana_l', 'sicilian_l']",2,40.75
1029,2016-01-17 00:00:00,"['sicilian_l', 'sicilian_l']",2,40.5
1030,2016-01-17 22:13:59,"['pepperoni_s', 'peppr_salami_l', 'sicilian_s', 'sicilian_s']",4,55.0
1031,2016-01-18 11:39:03,"['classic_dlx_l', 'hawaiian_l']",2,37.0
1032,2016-01-18 11:45:00,['bbq_ckn_l'],1,20.75
1033,2016-01-18 11:54:00,['cali_ckn_m'],1,16.75
1034,2016-01-18 12:07:00,"['cali_ckn_m', 'mexicana_l', 'napolitana_l', 'napolitana_s', 'pepperoni_l', 'sicilian_m', 'soppressata_l', 'spinach_fet_s']",8,133.75
1035,2016-01-18 12:07:00,"['cali_ckn_m', 'green_garden_l', 'ital_supr_m', 'mediterraneo_s']",4,65.5
1036,2016-01-18 00:00:00,"['mediterraneo_s', 'ital_supr_m', 'mexicana_l', 'thai_ckn_l']",4,69.5
1037,2016-01-18 13:04:54,"['thai_ckn_l', 'ckn_pesto_s', 'classic_dlx_m', 'ital_supr_m']",4,66.0
1038,2016-01-18 13:14:59,"['ital_supr_m', 'pepperoni_l']",2,31.75
1039,2016-01-18 13:14:59,['classic_dlx_l'],1,20.5
1040,2016-01-18 13:14:59,"['peppr_salami_l', 'thai_ckn_l']",2,41.5
1041,2016-01-18 00:00:00,['thai_ckn_l'],1,20.75
1042,2016-01-18 14:06:19,['pep_msh_pep_s'],1,11.0
1043,2016-01-18 14:06:19,"['four_cheese_m', 'pepperoni_s', 'peppr_salami_l', 'prsc_argla_m', 'prsc_argla_m', 'prsc_argla_m', 'southw_ckn_m', 'spicy_ital_s', 'spinach_fet_m']",9,140.0
1044,2016-01-18 14:20:16,['the_greek_xl'],1,25.5
1045,2016-01-18 14:22:14,['cali_ckn_m'],1,16.75
1046,2016-01-18 14:22:14,['classic_dlx_s'],1,12.0
1047,2016-01-18 14:50:37,"['bbq_ckn_s', 'four_cheese_l', 'four_cheese_l', 'pepperoni_s']",4,58.4
1048,2016-01-18 00:00:00,['veggie_veg_l'],1,20.25
1049,2016-01-18 00:00:00,['bbq_ckn_l'],1,20.75
1050,2016-01-18 00:00:00,['spinach_fet_s'],1,12.0
1051,2016-01-18 00:00:00,['cali_ckn_l'],1,20.75
1052,2016-01-18 00:00:00,"['peppr_salami_m', 'soppressata_l']",2,37.25
1053,2016-01-18 00:00:00,"['cali_ckn_m', 'cali_ckn_m', 'spinach_supr_m']",3,50.0
1054,2016-01-18 00:00:00,"['bbq_ckn_m', 'bbq_ckn_m']",2,33.5
1055,2016-01-18 00:00:00,['big_meat_s'],1,12.0
1056,2016-01-18 00:00:00,"['bbq_ckn_m', 'prsc_argla_m', 'thai_ckn_m']",3,50.0
1057,2016-01-18 00:00:00,"['hawaiian_s', 'pepperoni_l']",2,25.75
1058,2016-01-18 16:30:09,['cali_ckn_s'],1,12.75
1059,2016-01-18 16:30:09,"['bbq_ckn_m', 'mexicana_m', 'pepperoni_l', 'spinach_supr_l']",4,68.75
1060,2016-01-18 16:39:46,"['mexicana_l', 'spin_pesto_s']",2,32.75
1061,2016-01-18 16:39:46,"['prsc_argla_s', 'prsc_argla_s']",2,25.0
1062,2016-01-18 17:21:38,"['ital_supr_m', 'ital_supr_m', 'napolitana_l', 'napolitana_l']",4,74.0
1063,2016-01-18 17:28:29,"['big_meat_s', 'calabrese_m', 'mexicana_s']",3,40.25
1064,2016-01-18 17:28:29,['prsc_argla_s'],1,12.5
1065,2016-01-18 17:48:16,"['bbq_ckn_m', 'cali_ckn_l', 'ckn_pesto_l', 'veggie_veg_m']",4,74.25
1066,2016-01-18 17:48:16,"['cali_ckn_m', 'classic_dlx_m', 'ital_veggie_s', 'pep_msh_pep_s']",4,56.5
1067,2016-01-18 17:48:16,"['cali_ckn_l', 'hawaiian_l', 'peppr_salami_l']",3,58.0
1068,2016-01-18 17:48:16,"['sicilian_m', 'southw_ckn_l']",2,37.0
1069,2016-01-18 00:00:00,"['southw_ckn_l', 'southw_ckn_l', 'thai_ckn_s']",3,54.25
1070,2016-01-18 18:21:27,"['bbq_ckn_m', 'pepperoni_l']",2,32.0
1071,2016-01-18 18:21:27,"['pep_msh_pep_m', 'pep_msh_pep_m', 'spin_pesto_m']",3,45.5
1072,2016-01-18 18:21:27,"['classic_dlx_s', 'five_cheese_l', 'four_cheese_m']",3,45.25
1073,2016-01-18 18:21:27,"['five_cheese_l', 'spicy_ital_l', 'spin_pesto_m']",3,55.75
1074,2016-01-18 18:21:27,['ital_veggie_l'],1,21.0
1075,2016-01-18 19:15:17,['mexicana_l'],1,20.25
1076,2016-01-18 19:15:17,"['ital_supr_m', 'pepperoni_l']",2,31.75
1077,2016-01-18 19:15:17,['ckn_alfredo_m'],1,16.75
1078,2016-01-18 19:15:17,"['four_cheese_l', 'ital_cpcllo_l']",2,38.45
1079,2016-01-18 19:15:17,"['green_garden_s', 'pepperoni_l', 'thai_ckn_s']",3,40.0
1080,2016-01-18 19:15:17,"['ital_veggie_m', 'sicilian_l', 'soppressata_s', 'spicy_ital_m']",4,66.0
1081,2016-01-18 00:00:00,['spicy_ital_m'],1,16.5
1082,2016-01-19 00:00:00,"['peppr_salami_l', 'peppr_salami_l']",2,41.5
1083,2016-01-19 11:19:51,['southw_ckn_l'],1,20.75
1084,2016-01-19 11:19:51,['big_meat_s'],1,12.0
1085,2016-01-19 11:19:51,"['hawaiian_s', 'hawaiian_s', 'spinach_fet_l']",3,41.25
1086,2016-01-19 11:57:00,"['spinach_fet_l', 'mediterraneo_l']",2,40.5
1087,2016-01-19 11:57:00,"['four_cheese_l', 'spinach_fet_m']",2,33.95
1088,2016-01-19 12:00:00,"['big_meat_s', 'mediterraneo_l', 'pepperoni_l', 'thai_ckn_s', 'thai_ckn_s']",5,73.0
1089,2016-01-19 12:03:57,"['big_meat_s', 'ckn_pesto_l', 'spin_pesto_m']",3,49.25
1090,2016-01-19 12:14:00,"['bbq_ckn_l', 'bbq_ckn_l', 'hawaiian_l', 'hawaiian_l', 'ital_veggie_m', 'ital_veggie_s', 'ital_veggie_s']",7,116.75
1091,2016-01-19 12:20:00,['pepperoni_s'],1,9.75
1092,2016-01-19 12:20:00,"['bbq_ckn_l', 'cali_ckn_s', 'hawaiian_s']",3,44.0
1093,2016-01-19 12:20:00,"['classic_dlx_m', 'ital_supr_m', 'napolitana_l', 'pepperoni_l', 'prsc_argla_s']",5,80.75
1094,2016-01-19 12:20:00,"['brie_carre_s', 'ckn_pesto_l']",2,44.4
1095,2016-01-19 12:47:24,"['cali_ckn_s', 'four_cheese_l']",2,30.7
1096,2016-01-19 00:00:00,"['ckn_pesto_l', 'five_cheese_l', 'four_cheese_l', 'four_cheese_l', 'mediterraneo_l', 'mediterraneo_l', 'mediterraneo_l', 'napolitana_l', 'napolitana_l', 'napolitana_m', 'pep_msh_pep_l', 'prsc_argla_l', 'soppressata_l', 'spicy_ital_l', 'veggie_veg_l']",15,292.9
1097,2016-01-19 00:00:00,['bbq_ckn_l'],1,20.75
1098,2016-01-19 00:00:00,"['bbq_ckn_l', 'the_greek_l']",2,41.25
1099,2016-01-19 00:00:00,"['ital_supr_m', 'mediterraneo_s']",2,28.5
1100,2016-01-19 00:00:00,"['ckn_alfredo_m', 'green_garden_s', 'mexicana_l', 'napolitana_m', 'thai_ckn_l']",5,85.75
1101,2016-01-19 00:00:00,['cali_ckn_l'],1,20.75
1102,2016-01-19 00:00:00,['ital_cpcllo_s'],1,12.0
1103,2016-01-19 14:08:12,['the_greek_s'],1,12.0
1104,2016-01-19 14:39:45,"['cali_ckn_m', 'ckn_pesto_s', 'green_garden_s', 'ital_veggie_m']",4,58.25
1105,2016-01-19 15:13:54,"['calabrese_m', 'ckn_alfredo_m', 'thai_ckn_l']",3,53.75
1106,2016-01-19 15:13:54,['sicilian_l'],1,20.25
1107,2016-01-19 15:13:54,['soppressata_m'],1,16.5
1108,2016-01-19 15:13:54,['sicilian_l'],1,20.25
1109,2016-01-19 15:13:54,"['pep_msh_pep_l', 'pepperoni_l']",2,32.75
1110,2016-01-19 15:13:54,"['hawaiian_l', 'spinach_fet_m']",2,32.5
1111,2016-01-19 15:13:54,['ital_supr_m'],1,16.5
1112,2016-01-19 15:13:54,"['ckn_alfredo_s', 'hawaiian_l', 'spinach_fet_m', 'the_greek_xl']",4,70.75
1113,2016-01-19 00:00:00,"['the_greek_xl', 'hawaiian_m']",2,38.75
1114,2016-01-19 00:00:00,"['big_meat_s', 'five_cheese_l']",2,30.5
1115,2016-01-19 00:00:00,"['sicilian_s', 'thai_ckn_m']",2,29.0
1116,2016-01-19 00:00:00,"['classic_dlx_s', 'prsc_argla_l', 'spicy_ital_l', 'spin_pesto_l']",4,74.25
1117,2016-01-19 17:13:25,['spin_pesto_l'],1,20.75
1118,2016-01-19 17:19:49,['spinach_fet_m'],1,16.0
1119,2016-01-19 17:19:49,"['big_meat_s', 'big_meat_s']",2,24.0
1120,2016-01-19 17:19:49,"['four_cheese_m', 'pep_msh_pep_l']",2,32.25
1121,2016-01-19 18:15:08,"['big_meat_s', 'big_meat_s']",2,24.0
1122,2016-01-19 00:00:00,"['classic_dlx_s', 'southw_ckn_l', 'spinach_fet_l', 'thai_ckn_s']",4,65.75
1123,2016-01-19 00:00:00,"['bbq_ckn_m', 'hawaiian_s']",2,27.25
1124,2016-01-19 00:00:00,"['calabrese_m', 'ital_cpcllo_m']",2,32.25
1125,2016-01-19 00:00:00,"['ital_cpcllo_m', 'mexicana_l']",2,36.25
1126,2016-01-19 18:48:46,['southw_ckn_s'],1,12.75
1127,2016-01-19 00:00:00,"['classic_dlx_l', 'pep_msh_pep_s', 'veggie_veg_s']",3,43.5
1128,2016-01-19 00:00:00,"['cali_ckn_m', 'cali_ckn_m']",2,33.5
1129,2016-01-19 00:00:00,"['cali_ckn_m', 'cali_ckn_m', 'pep_msh_pep_s']",3,44.5
1130,2016-01-19 00:00:00,"['five_cheese_l', 'ital_supr_l']",2,39.25
1131,2016-01-19 00:00:00,"['green_garden_l', 'pepperoni_m']",2,32.75
1132,2016-01-19 00:00:00,"['cali_ckn_s', 'five_cheese_l', 'four_cheese_l', 'pepperoni_s']",4,58.95
1133,2016-01-19 19:59:17,"['pepperoni_s', 'napolitana_l', 'pep_msh_pep_l', 'pep_msh_pep_l']",4,65.25
1134,2016-01-19 19:59:17,['pep_msh_pep_s'],1,11.0
1135,2016-01-19 19:59:17,['pepperoni_l'],1,15.25
1136,2016-01-19 19:59:17,"['pepperoni_l', 'thai_ckn_m', 'veggie_veg_s']",3,44.0
1137,2016-01-19 19:59:17,"['soppressata_l', 'veggie_veg_m']",2,36.75
1138,2016-01-20 00:00:00,['mexicana_l'],1,20.25
1139,2016-01-20 00:00:00,"['ital_supr_s', 'sicilian_s', 'spicy_ital_l', 'the_greek_s']",4,57.5
1140,2016-01-20 00:00:00,"['ital_cpcllo_l', 'ital_veggie_m', 'mexicana_m', 'pepperoni_m', 'the_greek_xl']",5,91.25
1141,2016-01-20 11:35:00,['spinach_fet_m'],1,16.0
1142,2016-01-20 11:35:00,"['sicilian_l', 'sicilian_l']",2,40.5
1143,2016-01-20 11:35:00,"['big_meat_s', 'five_cheese_l', 'ital_supr_l']",3,51.25
1144,2016-01-20 12:02:00,"['mexicana_l', 'prsc_argla_m']",2,36.75
1145,2016-01-20 12:04:00,"['ckn_pesto_s', 'mediterraneo_m', 'spicy_ital_m', 'spinach_supr_m']",4,61.75
1146,2016-01-20 12:12:00,['spinach_supr_m'],1,16.5
1147,2016-01-20 12:12:25,['soppressata_s'],1,12.5
1148,2016-01-20 12:17:42,"['big_meat_s', 'big_meat_s']",2,24.0
1149,2016-01-20 12:17:42,"['green_garden_m', 'prsc_argla_l']",2,36.75
1150,2016-01-20 12:39:05,"['cali_ckn_s', 'ckn_pesto_s', 'classic_dlx_m', 'classic_dlx_s', 'five_cheese_l', 'green_garden_m', 'green_garden_m', 'ital_supr_l', 'napolitana_m', 'napolitana_m', 'soppressata_l', 'southw_ckn_m', 'southw_ckn_m', 'thai_ckn_s']",14,223.75
1151,2016-01-20 12:43:00,['four_cheese_l'],1,17.95
1152,2016-01-20 12:44:23,['ckn_alfredo_m'],1,16.75
1153,2016-01-20 12:44:23,"['big_meat_s', 'classic_dlx_l', 'classic_dlx_l', 'ital_cpcllo_l', 'ital_supr_s', 'napolitana_l', 'peppr_salami_m', 'sicilian_s', 'soppressata_m', 'southw_ckn_m', 'spicy_ital_m']",11,185.0
1154,2016-01-20 12:44:23,"['five_cheese_l', 'pepperoni_s', 'prsc_argla_l', 'prsc_argla_l']",4,69.75
1155,2016-01-20 13:05:11,['hawaiian_l'],1,16.5
1156,2016-01-20 00:00:00,['hawaiian_l'],1,16.5
1157,2016-01-20 00:00:00,"['big_meat_s', 'napolitana_s']",2,24.0
1158,2016-01-20 00:00:00,"['cali_ckn_l', 'cali_ckn_m', 'cali_ckn_m']",3,54.25
1159,2016-01-20 14:06:41,['cali_ckn_l'],1,20.75
1160,2016-01-20 00:00:00,"['cali_ckn_l', 'ital_supr_m', 'pep_msh_pep_s']",3,48.25
1161,2016-01-20 00:00:00,['pep_msh_pep_s'],1,11.0
1162,2016-01-20 00:00:00,"['calabrese_s', 'spinach_supr_s']",2,24.75
1163,2016-01-20 14:47:28,['cali_ckn_s'],1,12.75
1164,2016-01-20 14:47:28,"['pep_msh_pep_l', 'veggie_veg_m']",2,33.5
1165,2016-01-20 15:15:26,"['five_cheese_l', 'ital_supr_l']",2,39.25
1166,2016-01-20 15:15:26,['veggie_veg_s'],1,12.0
1167,2016-01-20 15:15:26,['prsc_argla_l'],1,20.75
1168,2016-01-20 15:15:26,['veggie_veg_m'],1,16.0
1169,2016-01-20 00:00:00,"['ital_cpcllo_l', 'ital_veggie_m', 'pepperoni_m']",3,49.75
1170,2016-01-20 00:00:00,['bbq_ckn_m'],1,16.75
1171,2016-01-20 00:00:00,['classic_dlx_s'],1,12.0
1172,2016-01-20 00:00:00,"['classic_dlx_m', 'the_greek_s']",2,28.0
1173,2016-01-20 00:00:00,"['four_cheese_l', 'veggie_veg_s']",2,29.95
1174,2016-01-20 17:02:58,"['soppressata_l', 'spinach_supr_s']",2,33.25
1175,2016-01-20 17:02:58,"['ital_cpcllo_s', 'peppr_salami_m', 'sicilian_l', 'soppressata_l']",4,69.5
1176,2016-01-20 17:02:58,"['classic_dlx_m', 'peppr_salami_m', 'sicilian_s', 'spicy_ital_s']",4,57.25
1177,2016-01-20 17:02:58,"['spicy_ital_s', 'pepperoni_s']",2,22.25
1178,2016-01-20 17:02:58,['spicy_ital_l'],1,20.75
1179,2016-01-20 18:02:28,['soppressata_l'],1,20.75
1180,2016-01-20 18:02:28,"['brie_carre_s', 'five_cheese_l']",2,42.15
1181,2016-01-20 18:02:28,['cali_ckn_l'],1,20.75
1182,2016-01-20 18:02:28,"['bbq_ckn_m', 'brie_carre_s', 'five_cheese_l', 'spin_pesto_l']",4,79.65
1183,2016-01-20 00:00:00,"['cali_ckn_l', 'pepperoni_l']",2,36.0
1184,2016-01-20 00:00:00,['spinach_supr_l'],1,20.75
1185,2016-01-20 00:00:00,['hawaiian_l'],1,16.5
1186,2016-01-20 19:19:55,"['four_cheese_l', 'thai_ckn_l']",2,38.7
1187,2016-01-20 19:19:55,['southw_ckn_m'],1,16.75
1188,2016-01-20 19:19:55,['spinach_supr_l'],1,20.75
1189,2016-01-20 00:00:00,['bbq_ckn_m'],1,16.75
1190,2016-01-20 00:00:00,"['classic_dlx_m', 'peppr_salami_l']",2,36.75
1191,2016-01-20 19:56:41,"['peppr_salami_l', 'napolitana_m']",2,36.75
1192,2016-01-20 19:56:41,['napolitana_m'],1,16.0
1193,2016-01-20 19:56:41,"['cali_ckn_m', 'peppr_salami_l', 'sicilian_s', 'veggie_veg_s']",4,61.75
1194,2016-01-20 20:27:18,"['peppr_salami_l', 'peppr_salami_l']",2,41.5
1195,2016-01-20 00:00:00,"['cali_ckn_s', 'five_cheese_l', 'five_cheese_l']",3,49.75
1196,2016-01-20 00:00:00,"['five_cheese_l', 'spinach_fet_l']",2,38.75
1197,2016-01-20 00:00:00,['green_garden_s'],1,12.0
1198,2016-01-20 22:02:08,['mediterraneo_s'],1,12.0
1199,2016-01-20 22:02:08,['ckn_alfredo_m'],1,16.75
1200,2016-01-20 22:02:08,"['ckn_alfredo_m', 'prsc_argla_m']",2,33.25
1201,2016-01-20 22:02:08,"['five_cheese_l', 'spicy_ital_l']",2,39.25
1202,2016-01-21 00:00:00,['big_meat_s'],1,12.0
1203,2016-01-21 00:00:00,['ital_supr_l'],1,20.75
1204,2016-01-21 00:00:00,"['big_meat_s', 'hawaiian_l', 'sicilian_s', 'veggie_veg_m']",4,56.75
1205,2016-01-21 12:29:13,['veggie_veg_m'],1,16.0
1206,2016-01-21 12:29:13,"['cali_ckn_s', 'classic_dlx_m', 'classic_dlx_m', 'classic_dlx_m', 'ital_cpcllo_m', 'ital_supr_m', 'prsc_argla_l', 'sicilian_l', 'sicilian_s', 'thai_ckn_l']",10,167.25
1207,2016-01-21 12:52:00,"['calabrese_m', 'spinach_supr_s']",2,28.75
1208,2016-01-21 12:52:00,['ital_cpcllo_s'],1,12.0
1209,2016-01-21 12:52:00,"['four_cheese_l', 'four_cheese_l', 'veggie_veg_s']",3,47.9
1210,2016-01-21 13:20:41,['veggie_veg_s'],1,12.0
1211,2016-01-21 13:20:41,['spin_pesto_s'],1,12.5
1212,2016-01-21 13:20:41,"['mediterraneo_s', 'mediterraneo_s']",2,24.0
1213,2016-01-21 13:20:41,"['pepperoni_s', 'southw_ckn_s']",2,22.5
1214,2016-01-21 13:20:41,"['bbq_ckn_m', 'cali_ckn_m', 'four_cheese_l', 'ital_cpcllo_l', 'ital_cpcllo_l', 'ital_supr_l', 'ital_supr_m', 'ital_supr_m', 'mexicana_m', 'southw_ckn_l', 'veggie_veg_m', 'veggie_veg_s']",12,210.95
1215,2016-01-21 13:20:41,['veggie_veg_s'],1,12.0
1216,2016-01-21 13:20:41,['bbq_ckn_m'],1,16.75
1217,2016-01-21 14:26:35,['cali_ckn_s'],1,12.75
1218,2016-01-21 14:27:30,"['pepperoni_l', 'peppr_salami_l', 'spicy_ital_s', 'spinach_fet_s']",4,60.5
1219,2016-01-21 15:13:10,"['pep_msh_pep_s', 'sicilian_l', 'the_greek_l', 'veggie_veg_m']",4,67.75
1220,2016-01-21 15:20:03,['calabrese_m'],1,16.25
1221,2016-01-21 15:20:03,"['ckn_pesto_s', 'pepperoni_s']",2,22.5
1222,2016-01-21 15:32:23,"['classic_dlx_m', 'thai_ckn_l']",2,36.75
1223,2016-01-21 15:32:23,['prsc_argla_m'],1,16.5
1224,2016-01-21 15:32:23,"['napolitana_s', 'thai_ckn_l']",2,32.75
1225,2016-01-21 15:32:23,"['thai_ckn_l', 'sicilian_s']",2,33.0
1226,2016-01-21 16:10:57,"['big_meat_s', 'four_cheese_l', 'ital_cpcllo_m', 'napolitana_s']",4,57.95
1227,2016-01-21 16:10:57,['hawaiian_s'],1,10.5
1228,2016-01-21 16:10:57,"['ital_veggie_m', 'ital_veggie_m']",2,33.5
1229,2016-01-21 16:10:57,['hawaiian_s'],1,10.5
1230,2016-01-21 16:38:28,"['ital_veggie_l', 'pep_msh_pep_m', 'pep_msh_pep_m', 'pep_msh_pep_m']",4,64.5
1231,2016-01-21 16:38:28,"['cali_ckn_m', 'spicy_ital_m']",2,33.25
1232,2016-01-21 16:50:36,"['spicy_ital_m', 'prsc_argla_l', 'soppressata_l', 'veggie_veg_m']",4,74.0
1233,2016-01-21 16:50:36,"['cali_ckn_m', 'four_cheese_l', 'green_garden_s', 'ital_cpcllo_s']",4,58.7
1234,2016-01-21 16:50:36,"['hawaiian_m', 'spinach_fet_m']",2,29.25
1235,2016-01-21 16:50:36,"['green_garden_m', 'pep_msh_pep_m', 'thai_ckn_l']",3,51.25
1236,2016-01-21 00:00:00,['mediterraneo_l'],1,20.25
1237,2016-01-21 00:00:00,"['calabrese_m', 'sicilian_s']",2,28.5
1238,2016-01-21 00:00:00,"['ckn_pesto_l', 'ckn_pesto_l', 'mediterraneo_s', 'thai_ckn_s']",4,66.25
1239,2016-01-21 00:00:00,['cali_ckn_s'],1,12.75
1240,2016-01-21 00:00:00,"['cali_ckn_s', 'soppressata_s', 'veggie_veg_m']",3,41.25
1241,2016-01-21 00:00:00,"['bbq_ckn_l', 'bbq_ckn_l', 'spinach_fet_l']",3,61.75
1242,2016-01-21 18:50:51,"['sicilian_m', 'sicilian_s', 'thai_ckn_l', 'the_greek_xl']",4,74.75
1243,2016-01-21 18:50:51,"['peppr_salami_m', 'spicy_ital_s']",2,29.0
1244,2016-01-21 18:50:51,"['bbq_ckn_s', 'brie_carre_s', 'napolitana_m', 'pepperoni_l']",4,67.65
1245,2016-01-21 18:50:51,['ckn_alfredo_m'],1,16.75
1246,2016-01-21 18:50:51,"['big_meat_s', 'five_cheese_l', 'five_cheese_l']",3,49.0
1247,2016-01-21 00:00:00,"['classic_dlx_m', 'four_cheese_l', 'hawaiian_s']",3,44.45
1248,2016-01-21 20:13:51,['spinach_supr_s'],1,12.5
1249,2016-01-21 20:13:51,"['four_cheese_l', 'spinach_supr_s']",2,30.45
1250,2016-01-21 20:13:51,"['big_meat_s', 'big_meat_s', 'big_meat_s', 'peppr_salami_m']",4,52.5
1251,2016-01-21 20:13:51,['peppr_salami_m'],1,16.5
1252,2016-01-21 20:13:51,['cali_ckn_l'],1,20.75
1253,2016-01-21 20:13:51,"['mediterraneo_l', 'southw_ckn_m']",2,37.0
1254,2016-01-22 11:56:03,"['brie_carre_s', 'brie_carre_s']",2,47.3
1255,2016-01-22 11:56:03,"['ital_veggie_s', 'spinach_fet_s', 'veggie_veg_s']",3,36.75
1256,2016-01-22 12:06:15,['ital_supr_s'],1,12.5
1257,2016-01-22 12:06:15,"['four_cheese_m', 'sicilian_m', 'veggie_veg_m']",3,47.0
1258,2016-01-22 12:18:53,['cali_ckn_m'],1,16.75
1259,2016-01-22 12:18:53,['cali_ckn_m'],1,16.75
1260,2016-01-22 12:18:53,['veggie_veg_s'],1,12.0
1261,2016-01-22 12:32:00,"['big_meat_s', 'ckn_pesto_s', 'pepperoni_s', 'the_greek_xl']",4,60.0
1262,2016-01-22 12:32:00,['mexicana_s'],1,12.0
1263,2016-01-22 12:39:12,['five_cheese_l'],1,18.5
1264,2016-01-22 12:39:12,"['spicy_ital_l', 'spinach_fet_m']",2,36.75
1265,2016-01-22 12:39:12,"['bbq_ckn_m', 'five_cheese_l', 'five_cheese_l', 'ital_veggie_l', 'mediterraneo_m', 'napolitana_l', 'pep_msh_pep_s', 'southw_ckn_s', 'spin_pesto_s', 'thai_ckn_m', 'thai_ckn_m']",11,181.0
1266,2016-01-22 12:39:12,"['bbq_ckn_m', 'ckn_pesto_m']",2,33.5
1267,2016-01-22 12:39:12,['pep_msh_pep_m'],1,14.5
1268,2016-01-22 13:01:39,"['hawaiian_l', 'ital_supr_m', 'ital_supr_m']",3,49.5
1269,2016-01-22 13:01:39,['ital_supr_m'],1,16.5
1270,2016-01-22 13:01:39,['ital_supr_m'],1,16.5
1271,2016-01-22 13:14:17,"['classic_dlx_m', 'napolitana_s', 'southw_ckn_l']",3,48.75
1272,2016-01-22 13:14:17,"['ckn_pesto_s', 'mexicana_s']",2,24.75
1273,2016-01-22 13:14:17,['big_meat_s'],1,12.0
1274,2016-01-22 13:24:14,"['bbq_ckn_m', 'bbq_ckn_s', 'cali_ckn_l', 'ckn_alfredo_l', 'ckn_pesto_l', 'classic_dlx_s', 'four_cheese_l', 'hawaiian_s', 'ital_veggie_l', 'sicilian_m', 'spinach_fet_l', 'spinach_fet_l', 'thai_ckn_s', 'veggie_veg_m']",14,238.7
1275,2016-01-22 13:24:14,['ital_veggie_m'],1,16.75
1276,2016-01-22 13:24:14,['ital_veggie_m'],1,16.75
1277,2016-01-22 13:46:44,"['classic_dlx_m', 'spinach_supr_m']",2,32.5
1278,2016-01-22 00:00:00,"['bbq_ckn_l', 'spinach_fet_m', 'thai_ckn_l', 'the_greek_m']",4,73.5
1279,2016-01-22 14:16:38,"['spicy_ital_l', 'spicy_ital_m']",2,37.25
1280,2016-01-22 00:00:00,['four_cheese_l'],1,17.95
1281,2016-01-22 00:00:00,['sicilian_m'],1,16.25
1282,2016-01-22 00:00:00,"['big_meat_s', 'pepperoni_s']",2,21.75
1283,2016-01-22 00:00:00,"['ckn_pesto_m', 'ckn_pesto_m', 'ital_supr_s', 'spicy_ital_s']",4,58.5
1284,2016-01-22 00:00:00,"['spicy_ital_s', 'hawaiian_m']",2,25.75
1285,2016-01-22 00:00:00,"['pepperoni_s', 'spin_pesto_s']",2,22.25
1286,2016-01-22 00:00:00,"['hawaiian_l', 'pepperoni_m']",2,29.0
1287,2016-01-22 00:00:00,['classic_dlx_s'],1,12.0
1288,2016-01-22 17:10:07,['ckn_alfredo_m'],1,16.75
1289,2016-01-22 17:10:07,"['bbq_ckn_l', 'classic_dlx_m']",2,36.75
1290,2016-01-22 17:10:07,"['bbq_ckn_m', 'pep_msh_pep_s', 'spicy_ital_l', 'the_greek_l']",4,69.0
1291,2016-01-22 00:00:00,"['napolitana_l', 'napolitana_l', 'napolitana_l', 'napolitana_l']",4,82.0
1292,2016-01-22 00:00:00,"['five_cheese_l', 'hawaiian_s']",2,29.0
1293,2016-01-22 00:00:00,['pep_msh_pep_s'],1,11.0
1294,2016-01-22 17:43:01,"['hawaiian_l', 'ital_veggie_l']",2,37.5
1295,2016-01-22 17:43:01,"['cali_ckn_m', 'cali_ckn_s', 'ital_supr_l']",3,50.25
1296,2016-01-22 17:43:01,"['ckn_alfredo_m', 'four_cheese_m']",2,31.5
1297,2016-01-22 17:43:01,"['classic_dlx_s', 'mediterraneo_s', 'sicilian_l', 'spicy_ital_s']",4,56.75
1298,2016-01-22 17:43:01,"['five_cheese_l', 'napolitana_s', 'the_greek_xl']",3,56.0
1299,2016-01-22 17:56:07,"['ital_supr_m', 'pepperoni_s', 'sicilian_s']",3,38.5
1300,2016-01-22 00:00:00,"['sicilian_s', 'sicilian_s']",2,24.5
1301,2016-01-22 00:00:00,"['bbq_ckn_s', 'classic_dlx_s', 'thai_ckn_l', 'the_greek_xl']",4,71.0
1302,2016-01-22 00:00:00,"['hawaiian_l', 'hawaiian_s']",2,27.0
1303,2016-01-22 00:00:00,"['big_meat_s', 'mexicana_l', 'mexicana_l', 'peppr_salami_s']",4,65.0
1304,2016-01-22 00:00:00,['peppr_salami_s'],1,12.5
1305,2016-01-22 00:00:00,['sicilian_s'],1,12.25
1306,2016-01-22 19:35:25,"['five_cheese_l', 'southw_ckn_s']",2,31.25
1307,2016-01-22 19:35:25,['brie_carre_s'],1,23.65
1308,2016-01-22 19:43:14,['calabrese_l'],1,20.25
1309,2016-01-22 19:43:14,['classic_dlx_s'],1,12.0
1310,2016-01-22 19:43:14,"['cali_ckn_m', 'spinach_fet_m']",2,32.75
1311,2016-01-22 19:43:14,"['five_cheese_l', 'thai_ckn_s']",2,31.25
1312,2016-01-22 00:00:00,['spinach_fet_s'],1,12.0
1313,2016-01-22 00:00:00,['pepperoni_l'],1,15.25
1314,2016-01-22 00:00:00,"['pepperoni_l', 'napolitana_l', 'veggie_veg_m']",3,51.75
1315,2016-01-22 00:00:00,"['prsc_argla_l', 'spin_pesto_s']",2,33.25
1316,2016-01-22 20:48:12,['napolitana_l'],1,20.5
1317,2016-01-22 00:00:00,['thai_ckn_l'],1,20.75
1318,2016-01-22 00:00:00,"['ital_supr_l', 'thai_ckn_m']",2,37.5
1319,2016-01-22 00:00:00,"['pepperoni_s', 'peppr_salami_l', 'spin_pesto_m']",3,47.0
1320,2016-01-22 00:00:00,"['five_cheese_l', 'southw_ckn_s']",2,31.25
1321,2016-01-23 00:00:00,"['five_cheese_l', 'napolitana_s', 'napolitana_s']",3,42.5
1322,2016-01-23 11:28:28,"['cali_ckn_l', 'peppr_salami_l']",2,41.5
1323,2016-01-23 11:28:28,"['five_cheese_l', 'hawaiian_l', 'hawaiian_m', 'hawaiian_m', 'mexicana_m', 'pep_msh_pep_l', 'sicilian_s', 'southw_ckn_s', 'the_greek_m']",9,136.0
1324,2016-01-23 11:28:28,"['the_greek_m', 'napolitana_s', 'prsc_argla_l']",3,48.75
1325,2016-01-23 11:50:00,"['classic_dlx_s', 'mexicana_m', 'pep_msh_pep_m']",3,42.5
1326,2016-01-23 00:00:00,"['ckn_alfredo_l', 'four_cheese_l']",2,38.7
1327,2016-01-23 12:01:01,['ital_veggie_l'],1,21.0
1328,2016-01-23 12:29:42,['bbq_ckn_s'],1,12.75
1329,2016-01-23 00:00:00,['bbq_ckn_s'],1,12.75
1330,2016-01-23 00:00:00,"['big_meat_s', 'green_garden_s']",2,24.0
1331,2016-01-23 12:54:56,"['pep_msh_pep_l', 'prsc_argla_s', 'thai_ckn_s']",3,42.75
1332,2016-01-23 12:55:29,['pep_msh_pep_l'],1,17.5
1333,2016-01-23 12:55:29,"['four_cheese_l', 'pep_msh_pep_s']",2,28.95
1334,2016-01-23 13:00:58,['four_cheese_m'],1,14.75
1335,2016-01-23 13:00:58,['soppressata_m'],1,16.5
1336,2016-01-23 13:00:58,['pepperoni_s'],1,9.75
1337,2016-01-23 13:00:58,['big_meat_s'],1,12.0
1338,2016-01-23 00:00:00,"['ital_supr_m', 'prsc_argla_s', 'the_greek_xl']",3,54.5
1339,2016-01-23 00:00:00,"['big_meat_s', 'ital_veggie_m']",2,28.75
1340,2016-01-23 00:00:00,"['ital_veggie_m', 'four_cheese_l', 'green_garden_s', 'ital_cpcllo_l', 'spicy_ital_l', 'spin_pesto_l']",6,108.7
1341,2016-01-23 14:15:37,"['ckn_alfredo_m', 'classic_dlx_l', 'four_cheese_l', 'ital_cpcllo_l']",4,75.7
1342,2016-01-23 14:15:37,['cali_ckn_m'],1,16.75
1343,2016-01-23 14:29:11,['thai_ckn_s'],1,12.75
1344,2016-01-23 14:29:11,['five_cheese_l'],1,18.5
1345,2016-01-23 15:01:02,"['mexicana_m', 'spin_pesto_s']",2,28.5
1346,2016-01-23 15:25:17,"['four_cheese_m', 'thai_ckn_l']",2,35.5
1347,2016-01-23 15:25:17,"['bbq_ckn_m', 'four_cheese_m', 'hawaiian_l']",3,48.0
1348,2016-01-23 15:25:17,['hawaiian_l'],1,16.5
1349,2016-01-23 15:25:17,"['spicy_ital_m', 'veggie_veg_l']",2,36.75
1350,2016-01-23 15:25:17,"['cali_ckn_m', 'pepperoni_s']",2,26.5
1351,2016-01-23 15:25:17,"['ital_supr_l', 'napolitana_m']",2,36.75
1352,2016-01-23 15:25:17,"['mexicana_l', 'pepperoni_s', 'spinach_fet_m']",3,46.0
1353,2016-01-23 15:25:17,"['bbq_ckn_m', 'bbq_ckn_m']",2,33.5
1354,2016-01-23 16:22:21,['bbq_ckn_m'],1,16.75
1355,2016-01-23 16:22:21,"['hawaiian_l', 'pepperoni_s']",2,26.25
1356,2016-01-23 16:22:21,"['pepperoni_s', 'spicy_ital_l']",2,30.5
1357,2016-01-23 00:00:00,"['big_meat_s', 'spicy_ital_m']",2,28.5
1358,2016-01-23 00:00:00,['cali_ckn_l'],1,20.75
1359,2016-01-23 00:00:00,['peppr_salami_s'],1,12.5
1360,2016-01-23 00:00:00,['southw_ckn_l'],1,20.75
1361,2016-01-23 00:00:00,"['pepperoni_l', 'spinach_fet_m']",2,31.25
1362,2016-01-23 00:00:00,"['bbq_ckn_s', 'ital_supr_m']",2,29.25
1363,2016-01-23 00:00:00,"['ital_veggie_m', 'pep_msh_pep_l', 'pep_msh_pep_l', 'veggie_veg_s']",4,63.75
1364,2016-01-23 00:00:00,"['bbq_ckn_l', 'big_meat_s', 'ital_cpcllo_l']",3,53.25
1365,2016-01-23 17:54:47,['southw_ckn_l'],1,20.75
1366,2016-01-23 17:54:47,"['pepperoni_m', 'prsc_argla_m']",2,29.0
1367,2016-01-23 17:54:47,"['napolitana_m', 'peppr_salami_m', 'peppr_salami_s', 'sicilian_s']",4,57.25
1368,2016-01-23 17:54:47,"['bbq_ckn_s', 'thai_ckn_m']",2,29.5
1369,2016-01-23 17:54:47,"['five_cheese_l', 'four_cheese_m']",2,33.25
1370,2016-01-23 18:45:57,"['napolitana_m', 'napolitana_s']",2,28.0
1371,2016-01-23 18:45:57,['bbq_ckn_s'],1,12.75
1372,2016-01-23 18:45:57,"['big_meat_s', 'ital_cpcllo_s']",2,24.0
1373,2016-01-23 18:45:57,"['pepperoni_l', 'spicy_ital_s']",2,27.75
1374,2016-01-23 18:45:57,"['hawaiian_s', 'the_greek_l']",2,31.0
1375,2016-01-23 18:45:57,"['bbq_ckn_l', 'bbq_ckn_m', 'big_meat_s']",3,49.5
1376,2016-01-23 18:45:57,['prsc_argla_l'],1,20.75
1377,2016-01-23 18:45:57,"['big_meat_s', 'four_cheese_m', 'ital_veggie_s', 'mediterraneo_m']",4,55.5
1378,2016-01-23 19:23:24,"['bbq_ckn_m', 'four_cheese_l']",2,34.7
1379,2016-01-23 19:33:07,"['four_cheese_m', 'prsc_argla_s', 'soppressata_l']",3,48.0
1380,2016-01-23 19:33:07,"['ital_supr_m', 'pepperoni_m', 'pepperoni_m']",3,41.5
1381,2016-01-23 00:00:00,"['cali_ckn_l', 'spinach_fet_l', 'thai_ckn_l']",3,61.75
1382,2016-01-23 00:00:00,"['hawaiian_s', 'mexicana_s', 'pepperoni_m']",3,35.0
1383,2016-01-23 00:00:00,"['five_cheese_l', 'five_cheese_l']",2,37.0
1384,2016-01-23 00:00:00,"['classic_dlx_s', 'classic_dlx_s']",2,24.0
1385,2016-01-23 20:57:30,"['ckn_pesto_s', 'pep_msh_pep_s']",2,23.75
1386,2016-01-23 20:57:30,"['bbq_ckn_l', 'bbq_ckn_l']",2,41.5
1387,2016-01-23 20:57:30,"['napolitana_s', 'sicilian_l', 'thai_ckn_l']",3,53.0
1388,2016-01-23 20:57:30,['cali_ckn_l'],1,20.75
1389,2016-01-23 20:57:30,['classic_dlx_m'],1,16.0
1390,2016-01-24 20:57:30,['thai_ckn_l'],1,20.75
1391,2016-01-24 12:26:00,"['ital_supr_l', 'soppressata_s', 'spinach_supr_l', 'spinach_supr_s']",4,66.5
1392,2016-01-24 12:26:00,"['green_garden_s', 'napolitana_l']",2,32.5
1393,2016-01-24 12:43:03,"['bbq_ckn_m', 'bbq_ckn_m']",2,33.5
1394,2016-01-24 12:43:03,['hawaiian_s'],1,10.5
1395,2016-01-24 00:00:00,['thai_ckn_s'],1,12.75
1396,2016-01-24 00:00:00,['ckn_pesto_s'],1,12.75
1397,2016-01-24 00:00:00,['ckn_pesto_s'],1,12.75
1398,2016-01-24 00:00:00,"['classic_dlx_s', 'classic_dlx_s', 'classic_dlx_s', 'spin_pesto_s', 'spin_pesto_s', 'thai_ckn_m']",6,77.75
1399,2016-01-24 00:00:00,"['big_meat_s', 'napolitana_l', 'napolitana_l', 'thai_ckn_s']",4,65.75
1400,2016-01-24 14:08:26,['classic_dlx_m'],1,16.0
1401,2016-01-24 14:08:26,['thai_ckn_s'],1,12.75
1402,2016-01-24 14:23:57,"['classic_dlx_s', 'hawaiian_s', 'soppressata_s']",3,35.0
1403,2016-01-24 14:23:57,['mexicana_s'],1,12.0
1404,2016-01-24 14:59:38,"['green_garden_m', 'green_garden_m']",2,32.0
1405,2016-01-24 15:00:13,"['bbq_ckn_s', 'cali_ckn_s', 'sicilian_l']",3,45.75
1406,2016-01-24 15:00:13,['classic_dlx_s'],1,12.0
1407,2016-01-24 15:17:06,['mexicana_s'],1,12.0
